1979 3348
461 230 521 271 111
544 228 704 271 Natalis
729 228 1043 284 plurimorum
1062 227 1334 282 Martyrum.
1610 231 1689 270 145

188 339 364 377 Graclale.

184 394 212 430 J
215 397 390 430 ustorum
411 393 550 429 animm
570 393 612 429 in
632 406 750 430 manu
775 392 852 429 Dei
883 395 976 428 sunt
993 405 1000 429 :
1030 394 1070 428 et
1088 404 1168 427 non
1187 394 1324 440 tanget
1342 390 1429 427 illos
1449 395 1687 428 tormentum

105 447 274 483 malitiae.

114 501 150 537 V.
187 500 276 536 Visi
295 504 387 537 sunt
405 500 526 537 oculis
545 500 814 550 insipientium
836 499 935 535 mori
953 513 960 536 :
990 499 1049 535 illi
1069 502 1199 535 autem
1219 502 1311 535 sunt
1330 498 1374 534 in
1393 511 1494 547 pace.

186 553 362 591 Gradale.

184 607 282 643 Ecce
302 621 418 656 quam
438 608 585 642 bonum
605 611 644 643 et
664 620 779 655 (11111111
794 606 1010 655 jocundum
1027 620 1033 642 :
1062 605 1240 642 habitare
1259 606 1398 641 fratres
1417 605 1460 641 in
1479 618 1614 642 unum.

112 660 149 697 V.
186 661 296 697 Siout
328 664 573 710 unguentum
601 661 643 696 in
671 660 796 709 01111110
814 674 821 698 :
865 660 968 709 quod
1006 659 1202 696 descendit
1238 659 1281 695 in
1317 659 1490 705 barbam,
1526 659 1685 695 barbam

104 714 249 751 Aaron.

184 767 360 806 Gradale.

182 822 330 858 Anima
349 825 483 858 nostra
502 821 602 857 sicut
621 833 752 869 passer
770 823 902 869 erepta
922 823 992 865 est,
1015 820 1062 856 de
1082 819 1220 868 laqueo
1241 819 1481 856 venantium.

110 875 147 910 V.
184 875 364 924 Laqueus
392 874 585 911 contritus
613 878 695 920 est3
724 878 764 909 et
782 887 852 909 nos
880 873 1037 910 liberati
1065 886 1219 910 sumus:
1250 873 1489 922 adjutorium
1512 876 1689 910 nostrum

102 928 144 964 in
163 931 320 965 nomine
341 928 526 974 Domini3
556 928 624 976 qui
643 927 734 963 feeit
754 927 889 963 caelum
909 931 948 963 et
968 931 1123 963 terram.

185 982 360 1019 Gradale.

182 1035 332 1072 Timete
352 1035 575 1082 Dominum
588 1048 719 1071 omnes
739 1035 863 1071 sancti
888 1035 980 1083 ejus,
1005 1034 1190 1083 quoniam
1209 1034 1308 1070 nihil
1328 1034 1435 1071 deest
1459 1034 1690 1070 timentibus

101 1102 200 1125 eum.
1326 1092 1330 1096 ’

110 1142 145 1179 V.
182 1142 433 1191 Inquirentes
452 1146 582 1178 autem
603 1142 819 1178 Dominum
839 1156 845 1178 :
873 1155 953 1178 non
973 1141 1153 1178 deficient
1172 1141 1278 1177 omni
1297 1142 1408 1178 bono.

179 1196 375 1245 Alleluya.
442 1196 478 1233 V.
511 1196 707 1232 Mirabilis
727 1195 921 1232 Dominus
941 1199 1074 1232 noster
1093 1196 1134 1231 in
1154 1196 1297 1232 sanctis
1318 1196 1405 1233 suis.

182 1250 376 1300 Alleluya.
443 1250 480 1287 V.
513 1250 647 1286 Sancti
665 1250 737 1295 tui,
759 1250 938 1295 Domine,
960 1249 1190 1286 benedicent
1209 1253 1248 1286 te
1268 1264 1274 1286 :
1303 1249 1466 1298 gloriam
1491 1249 1602 1298 regni
1630 1249 1686 1286 tui

101 1303 240 1340 dicent.

179 1357 375 1406 Alleluya.
441 1357 479 1394 V.
511 1357 780 1393 Exsultabunt
799 1357 924 1393 sancti
943 1356 986 1392 in
1004 1356 1127 1405 gloria
1146 1370 1153 1393 ;
1182 1357 1423 1393 laetabuntur
1436 1357 1478 1393 in
1493 1356 1686 1393 cubilibus

100 1411 189 1447 suis.

180 1465 375 1513 Alleluya.
444 1464 480 1501 V.
514 1464 815 1501 Confitebuntur
846 1463 928 1500 caeli
958 1464 1152 1500 mirabilia
1183 1468 1263 1510 tua,
1296 1464 1465 1500 Domine
1482 1478 1489 1501 :
1525 1468 1565 1500 et
1594 1463 1692 1500 veri-

99 1522 221 1554 tatem
240 1523 350 1555 tuam
369 1518 412 1554 in
431 1518 590 1554 ecclesia
608 1522 839 1554 sanctorum.

178 1572 375 1621 Alleluya.
443 1572 479 1609 V.
512 1572 682 1608 Stabunt
705 1572 806 1620 justi
834 1572 876 1607 in
899 1584 1040 1620 magna
1059 1571 1305 1608 constantia:
1335 1571 1519 1608 adversus
1539 1584 1601 1608 eos
1621 1571 1690 1620 qui

98 1638 138 1662 se
157 1626 492 1674 angustiaverunt.

178 1679 374 1728 Alleluya.
440 1679 477 1716 V.
511 1679 644 1715 Sancti
673 1679 744 1724 tui,
772 1678 951 1724 Domine,
984 1678 1178 1715 florebunt
1208 1678 1308 1714 sicut
1338 1678 1465 1714 lilium
1481 1693 1488 1715 z
1523 1683 1563 1714 et
1591 1679 1691 1715 sicut

97 1732 192 1769 odor
209 1732 373 1769 balsami
391 1736 508 1769 erunt
527 1736 617 1769 ante
637 1736 686 1769 te.

176 1786 371 1835 Alleluya.
438 1786 476 1823 V.
507 1786 535 1823 J
538 1787 616 1822 usti
637 1786 846 1835 epulentur
866 1790 905 1822 et
925 1786 1123 1822 exsultent
1136 1786 1178 1822 in
1191 1790 1397 1835 conspectu
1418 1786 1495 1823 Dei
1512 1801 1519 1823 :
1548 1786 1689 1823 delect-

97 1844 214 1876 entur
232 1841 274 1876 in
293 1841 441 1877 laetitia.

176 1894 373 1943 Alleluya.
439 1894 477 1931 V.
509 1893 772 1930 Tradiderunt
796 1907 956 1943 corpora
986 1907 1054 1930 sua
1078 1897 1237 1943 propter
1256 1894 1384 1931 Deum
1406 1894 1454 1930 ad
1475 1894 1663 1943 supplicia
1682 1909 1687 1930 :

96 1947 182 1984 ideo
202 1951 430 1984 meruerunt
448 1948 589 1985 habere
609 1961 768 1984 coronas
786 1952 1002 1997 perpetuas.

176 2001 370 2050 Alleluya.
438 2001 474 2038 V.
506 2002 534 2038 J
536 2002 616 2038 usti
645 2002 686 2038 in
715 2007 949 2052 perpetuum
980 2002 1140 2038 vivent:
1180 2006 1219 2038 et
1249 2002 1352 2051 apud
1384 2002 1600 2038 Dominum
1632 2006 1689 2038 est

95 2068 239 2092 merces
257 2068 400 2093 eorum.

174 2109 369 2158 Alleluya.
437 2108 475 2146 V.
507 2109 535 2146 J
538 2109 752 2146 udioabunt
772 2109 895 2146 saneti
915 2109 1095 2145 nationes
1124 2113 1164 2145 et
1183 2109 1492 2145 dominabuntur
1510 2109 1662 2158 populis
1679 2123 1685 2145 :

95 2167 135 2199 et
154 2163 333 2212 regnabit
352 2162 508 2199 illorum
527 2176 598 2199 1·οΧ
620 2163 660 2199 in
681 2167 880 2199 aeternum.

172 2216 390 2265 Sequentia.
449 2217 549 2253 Ecce
568 2217 741 2265 pulchra,
763 2223 808 2253 ut
827 2217 872 2252 in
892 2215 1109 2254 Communi.

173 2270 218 2307 Si
237 2269 348 2319 infin
366 2269 694 2319 Septzcaqesimam
711 2271 878 2307 evenerit.

176 2325 349 2362 Tractus.
411 2324 489 2368 Qui
507 2324 701 2361 seminant
720 2324 760 2360 in
780 2324 960 2373 lacrymis
976 2337 986 2370 ;
1015 2324 1058 2360 in
1076 2323 1217 2373 gaudio
1238 2328 1397 2360 metent.

105 2378 139 2415 V.
176 2378 326 2415 Euntes
345 2379 457 2415 ibant
475 2382 514 2414 et
533 2378 701 2415 flebant:
732 2378 935 2415 mittentes
955 2378 1103 2414 semina
1122 2391 1199 2414 sua.

104 2432 139 2468 V.
174 2431 392 2470 Venientes
424 2436 555 2469 autem
585 2433 745 2469 venient
779 2445 866 2469 cum
900 2432 1160 2469 exsultatione
1180 2446 1187 2468 :
1230 2436 1432 2482 portantes
1464 2431 1684 2481 manipulos

95 2498 192 2522 suos.

173 2538 394 2577 Secundum
413 2540 560 2576 Lucam
579 2539 650 2590 (vi.
675 2539 825 2589 17-23).

175 2593 226 2629 In
244 2593 311 2630 illo
331 2598 515 2643 tempore,
539 2594 785 2630 Descendens
805 2594 832 2630 J
835 2607 920 2630 esus
941 2593 987 2630 de
1006 2598 1138 2630 monte
1158 2595 1268 2631 stetit
1296 2595 1337 2630 in
1366 2594 1449 2631 loco
1478 2594 1683 2644 campestri

96 2659 212 2694 usque
232 2648 284 2684 acl
302 2661 386 2685 0000
406 2649 511 2685 0111111
529 2661 673 2684 merces
693 2651 823 2685 vestra
841 2647 967 2684 multa
986 2651 1044 2684 0313
1062 2648 1105 2683 111
1124 2648 1225 2685 caelo.

174 2699 395 2738 Secundum
415 2702 633 2740 (Iohannem
652 2701 731 2750 (πυ.
758 2700 854 2751 1-7).

175 2753 225 2790 In
256 2755 325 2791 illo
354 2760 540 2805 tempore,
573 2755 691 2792 Dixit
720 2755 747 2792 J
751 2768 836 2792 esus
866 2755 1065 2804 discipulis
1095 2755 1174 2793 suis
1195 2770 1205 2803 3
1234 2756 1317 2806 Ego
1348 2769 1434 2793 sum
1463 2756 1558 2792 vitis
1594 2768 1683 2792 vera

97 2819 213 2854 usque
232 2809 284 2845 ad
302 2806 429 2846 et'fiet
448 2810 567 2846 vobis.

176 2860 394 2899 Secundum
413 2864 464 2899 M
461 2864 643 2900 aethaeum
662 2863 716 2913 (v.
743 2863 868 2913 1-12).

176 2914 225 2950 Ι11
245 2915 311 2952 1110
331 2926 515 2966 tempore,
537 2917 688 2954 Videns
719 2917 746 2954 J
750 2930 836 2953 esus
862 2917 1009 2964 turbas,
1029 2918 1201 2954 ascendit
1220 2918 1263 2954 in
1285 2922 1457 2955 montem
1486 2930 1605 2967 usque
1632 2917 1685 2953 ad

97 2966 271 3005 Gaudete
291 2973 330 3006 et
349 2971 543 3008 exsultate
560 2985 567 3008 ε
596 2971 780 3020 quoniam
800 2984 943 3008 merces
963 2975 1092 3009 vestra
1111 2973 1264 3022 copiosa
1283 2977 1342 3009 est
1360 2972 1402 3008 in
1421 2971 1533 3008 caelis.

175 3032 263 3058 VOL.
286 3033 330 3058 11.
854 3036 879 3061 L
