1979 3348
615 216 679 257 In
698 215 859 258 Natali
879 215 1024 257 unius
1044 215 1098 256 M
1095 215 1276 270 artyris.
1665 218 1743 260 141

237 326 432 375 Alleluya.
500 327 536 364 1'.
579 326 724 363 Beatus
750 327 822 372 vir,
854 326 922 375 qui
947 326 1061 363 timet
1092 326 1331 363 Dominum:
1372 327 1414 362 in
1444 327 1638 365 mandatis
1666 329 1748 377 ejus

158 380 267 429 cupit
286 380 413 416 nimis.

237 433 433 482 Alleluya.
502 432 539 471 V.
572 433 707 470 Gloria
726 438 764 470 et
784 433 928 470 honore
949 432 1144 469 coronasti
1165 446 1264 477 eum,
1288 433 1468 469 Domine.

236 487 432 535 Alleluya.
500 486 538 524 V.
582 487 609 524 J
614 492 723 524 ustus
769 500 848 523 non
895 487 1206 533 conturbabitur,
1248 487 1341 535 quia
1388 486 1582 523 Dominus
1619 488 1749 524 firmat

158 553 316 577 manum
338 541 369 588 ej
377 553 430 576 us.

236 593 435 643 Alleluya.
502 594 538 631 V.
569 594 597 631 J
601 597 710 630 ustus
729 597 775 630 ut
797 593 927 643 palma
948 593 1127 631 florebit:
1157 597 1196 630 et
1224 593 1325 630 sicut
1354 594 1490 630 cedrus
1518 594 1750 643 multiplica-

158 647 279 685 bitur.

236 699 452 749 ›S'eqzcentz'cc.
512 701 724 749 Organicis.

236 753 283 791 Si
301 754 410 802 infra
429 754 764 803 Septuagyesimam.

240 807 411 845 Tractus.

237 861 484 898 Desiderium
503 861 642 897 animae
662 861 744 909 ejus
767 860 943 896 tribuisti
962 860 998 897 ei
1015 875 1022 898 :
1052 864 1092 897 et
1111 860 1314 898 voluntate
1342 861 1531 898 labiorum
1563 862 1646 911 ejus
1670 875 1749 900 non

157 914 347 952 fraudasti
368 928 466 951 eum.

165 968 201 1006 V.
240 968 433 1012 Quoniam
451 967 678 1017 praevenisti
696 980 785 1004 eum
804 967 846 1003 in
865 967 1137 1004 benedictione
1157 968 1386 1005 dulcedinis.

164 1022 202 1059 V.
237 1021 411 1058 Posuisti
429 1034 544 1070 super
564 1025 681 1070 caput
700 1022 731 1070 ej
739 1035 783 1057 us
803 1034 983 1057 coronam
1003 1022 1050 1057 de
1069 1021 1197 1070 lapide
1216 1022 1396 1071 pretioso,

235 1075 458 1112 Secundum
477 1075 509 1110 J
509 1075 695 1112 ohannem
714 1075 803 1124 (miz.
828 1075 979 1124 24-26).

236 1129 288 1165 In
324 1129 392 1165 illo
428 1133 612 1178 tempore,
646 1128 762 1165 Dixit
793 1129 821 1165 J
825 1142 910 1165 esus
942 1128 1143 1177 discipulis
1181 1129 1260 1165 suis
1274 1142 1284 1175 3
1326 1129 1470 1175 Amen,
1503 1143 1628 1177 amen,
1663 1129 1749 1168 dico

155 1182 278 1229 vobis,
299 1183 375 1218 nisi
393 1195 560 1231 granum
578 1182 768 1219 frumenti
786 1195 905 1231 usque
923 1183 977 1219 ad
998 1182 1272 1219 honorificabit
1291 1196 1381 1220 eum
1401 1183 1521 1220 Pater
1539 1197 1658 1231 meus,
1680 1184 1751 1233 qui

156 1240 216 1274 est
234 1236 275 1272 iu
299 1236 410 1274 caelis.

237 1289 458 1327 ›S'ec'zchu-m.
476 1289 528 1325 M
525 1289 706 1326 attlcceum
725 1289 782 1339 (a.
808 1289 960 1339 26-32).

235 1343 286 1380 In
317 1343 384 1380 illo
414 1348 596 1392 tempore,
620 1343 737 1379 Dixit
767 1343 794 1380 J
798 1356 884 1379 esus
916 1343 1116 1392 discipulis
1147 1343 1251 1390 suis,
1285 1344 1400 1380 Nihil
1432 1349 1612 1394 opertum
1643 1343 1752 1394 quod-

155 1409 235 1434 non
253 1397 450 1434 reveletur
468 1410 586 1445 usque
605 1398 657 1434 acl
685 1397 898 1434 confitebor
918 1401 957 1433 et
980 1410 1049 1446 ego
1069 1410 1159 1433 eum
1187 1410 1316 1434 coram
1344 1398 1463 1435 Patre
1483 1412 1580 1447 meo,
1601 1400 1670 1448 qui
1689 1403 1748 1436 est

158 1451 202 1487 in
221 1451 333 1487 caelis.

237 1504 458 1541 Secundum
478 1504 708 1541 ilsatz‘lcceum
727 1504 783 1553 (x.
809 1504 960 1553 34-42).

237 1558 288 1594 In
320 1558 388 1594 illo
420 1562 604 1607 tempore,
625 1558 741 1594 Dixit
773 1558 801 1594 J
804 1571 890 1594 esus
919 1557 1118 1606 discipulis
1143 1557 1246 1604 suis,
1281 1558 1416 1595 Nolite
1445 1560 1629 1596 arbitrari
1658 1559 1750 1609 quia

156 1611 330 1648 venerim
353 1611 509 1647 mittere
529 1624 660 1660 pacem
680 1624 797 1659 usque
816 1612 869 1647 acl
888 1624 965 1647 non
985 1611 1120 1660 perdet
1138 1612 1354 1648 mercedem
1374 1626 1493 1650 suam.

236 1664 292 1701 In
311 1665 418 1701 Festo
439 1665 559 1701 trium.
578 1665 812 1701 Lectionum.
869 1664 1090 1702 Secundam
1110 1665 1340 1701 Mactlcaeum
1360 1666 1456 1715 (ccvi.
1484 1667 1639 1717 24-28).

235 1718 286 1754 In
313 1718 381 1754 illo
409 1723 593 1767 tempore,
616 1719 733 1754 Dixit
761 1719 789 1755 J
792 1731 878 1755 esus
906 1718 1106 1767 discipulis
1140 1719 1245 1765 suis,
1275 1719 1317 1756 Si
1343 1722 1430 1768 quis
1457 1721 1543 1757 vult
1572 1726 1661 1770 post
1687 1733 1750 1758 me

156 1772 290 1809 venire
309 1786 427 1820 usque
446 1773 500 1808 (cd
518 1772 741 1809 venientem
761 1772 803 1808 in
822 1785 941 1821 regno
960 1785 1039 1808 suo.

234 1825 290 1862 In
308 1826 417 1862 Festo
436 1839 568 1862 ‘novem
587 1826 819 1862 Lectionum.
880 1826 1101 1863 Secundum
1121 1826 1270 1863 Lucam
1289 1826 1363 1875 (ἐκ.
1387 1827 1540 1877 23-27).

237 1879 288 1916 In
318 1879 385 1916 illo
415 1883 599 1929 tempore,
621 1879 738 1915 Dixit
762 1879 789 1916 J
793 1893 878 1916 esus
907 1879 1105 1928 discipulis
1137 1880 1214 1916 suis
1228 1894 1238 1927 3
1273 1880 1316 1917 Si
1343 1882 1430 1929 quis
1458 1882 1545 1919 vult
1573 1886 1661 1932 post
1688 1895 1750 1920 mo

156 1933 290 1970 venire
307 1946 425 1981 usque
445 1934 497 1969 ad
513 1933 632 1969 donec
652 1933 811 1970 videant
831 1946 994 1982 regnum
1014 1934 1101 1970 Dei.

238 1986 460 2024 Secundum
480 1986 630 2023 Lucam
649 1986 745 2036 (miv.
772 1987 922 2037 26-33).

237 2041 289 2077 In
307 2041 375 2077 illo
394 2045 579 2089 tempore,
601 2040 719 2077 Dixit
737 2041 765 2077 J
768 2054 854 2077 esus
874 2040 999 2077 turbis
1013 2054 1023 2087 3
1054 2041 1096 2078 Si
1115 2041 1203 2090 quis
1223 2041 1334 2078 venit
1353 2042 1402 2078 ad
1422 2055 1494 2088 me,
1511 2047 1551 2080 et
1569 2056 1650 2080 non
1668 2043 1751 2081 odit

156 2108 276 2142 usque
295 2095 349 2130 acl
367 2107 446 2130 non
466 2098 594 2144 potest
612 2107 721 2131 meus
741 2107 821 2131 esse
841 2094 1064 2143 discipulus.

241 2146 496 2196 Offirtorz'um.

238 2202 266 2238 J
268 2205 379 2239 ustus
397 2206 443 2238 ut
462 2201 592 2251 palma
619 2201 773 2239 florebit
790 2215 797 2238 :
826 2201 927 2238 sicut
947 2201 1084 2238 cedrus
1104 2215 1189 2251 quae
1210 2201 1252 2238 in
1275 2202 1428 2239 Libano
1448 2207 1517 2251 est,
1541 2204 1751 2255 multiplic-

158 2256 301 2293 abitur.

237 2309 291 2347 In
311 2315 471 2358 tempore
490 2308 682 2354 Pasclcali,
702 2308 900 2358 Alleluya.

242 2362 493 2412 Off'ertorium.

238 2417 289 2454 In
317 2417 466 2453 virtute
493 2420 574 2463 tua,
598 2416 777 2462 Domine,
800 2416 999 2452 laetabitur
1023 2416 1181 2464 justus:
1220 2420 1261 2453 et
1291 2430 1407 2467 super
1436 2418 1607 2457 salutare
1637 2423 1755 2457 tuum.

157 2471 372 2509 exsultabit
391 2471 654 2515 vehementer,
675 2470 912 2507 desiderium
930 2471 1070 2506 animae
1090 2471 1173 2519 ejus
1193 2471 1371 2508 tribuisti
1390 2472 1435 2510 ei.

239 2525 269 2562 I
269 2539 294 2562 n
313 2530 474 2574 tempore
496 2523 689 2570 Pasclmlz,
711 2523 908 2573 Alleluya.

242 2579 496 2627 Offertorium.

237 2632 419 2679 Posuisti,
443 2631 623 2678 Domine,
645 2631 687 2667 in
707 2631 833 2681 capite
853 2631 936 2681 ejus
959 2644 1141 2668 coronam
1168 2632 1216 2669 de
1244 2632 1372 2683 lapide
1400 2634 1597 2684 pretioso:
1626 2634 1750 2673 vitam

159 2686 275 2736 petiit
293 2699 316 2723 a
334 2691 385 2733 te,
407 2690 445 2723 et
465 2685 641 2722 tribuisti
661 2685 706 2723 ei.

238 2740 267 2777 I
265 2754 292 2776 η
312 2747 472 2789 tempore
491 2739 688 2786 Pasclzali,
707 2739 904 2788 Alleluya.

243 2794 498 2841 Offertorium.

238 2847 486 2884 Desiderium
516 2847 656 2884 animae
679 2847 763 2896 ejus
784 2846 960 2883 tribuisti
989 2846 1036 2893 ei,
1059 2847 1243 2895 Domine,
1265 2853 1304 2886 et
1323 2848 1529 2887 voluntate
1557 2849 1750 2889 labiorum

159 2900 242 2949 ejus
274 2914 352 2937 non
384 2901 575 2938 fraudasti
610 2914 698 2938 eum
715 2915 723 2939 :
767 2900 932 2950 posuisti
969 2900 1010 2937 in
1044 2902 1169 2951 capite
1206 2904 1289 2952 ejus
1327 2917 1508 2941 coronam
1542 2905 1589 2942 de
1622 2905 1749 2956 lapide

161 2954 340 3004 pretioso,
361 2955 540 3004 alleluya.
