1979 3348
533 195 598 238 In
626 195 699 238 die
728 195 1014 240 Visitationis
1045 195 1176 237 beate&
1205 195 1380 238 Mem-tce.
1676 199 1759 239 213

242 307 432 345 l’salmus.
493 307 571 352 Qui
589 307 690 357 regis
710 307 834 345 Israel
856 306 1015 344 intende
1034 321 1040 344 :
1070 306 1140 355 qui
1158 305 1315 343 deducis
1333 306 1443 343 velut
1463 319 1575 343 ovem
1594 306 1622 343 J
1625 307 1752 357 oseph.

245 361 386 398 Oratio.

240 413 358 460 Deus,
380 414 447 464 qui
466 413 654 452 hodierna
673 414 735 451 die
756 414 1021 464 Unigenitum
1040 418 1154 451 tuum
1177 413 1412 450 mirabiliter
1434 413 1754 450 transformatum

160 466 309 504 caelitus
339 468 542 517 utriusque
575 468 816 505 Testamenti
853 468 1030 517 patribus
1063 467 1255 514 revelasti,
1287 467 1337 504 da
1368 467 1492 513 nobis,
1525 480 1755 516 quaesumus,

160 521 412 570 beneplacitis
449 522 524 558 tibi
560 522 711 558 actibus
751 522 800 559 ad
838 523 919 571 ejus
962 535 1112 571 semper
1154 521 1494 570 contemplandam
1536 521 1755 570 pertingere

158 574 332 624 gloriam,
354 575 396 612 in
421 589 498 625 quo
530 579 606 612 tuae
636 576 867 625 paternitati
897 575 1044 625 optime
1072 575 1346 624 complacuisse
1374 579 1540 611 testatus
1570 587 1620 611 eS.
1680 574 1757 611 Per

160 628 325 665 eundem
346 629 572 666 Dominum.

240 681 366 719 Lectio
386 683 568 731 Epistolae
588 682 687 719 beati
705 682 815 719 Petri
833 681 1006 730 Apostoli
1027 682 1067 731 (2
1088 682 1112 720 i.
1139 682 1284 732 16-19).

239 736 463 773 Carissimi:
498 736 592 773 Non
620 736 725 773 enim
754 736 929 773 indoctas
956 735 1107 772 fabulas
1134 749 1254 785 usque
1282 736 1336 772 (ιεί
1363 735 1501 772 lucifer
1531 734 1681 772 oriatur
1713 734 1755 772 in

159 789 338 826 cordibus
357 790 506 827 vestris.

242 843 417 881 (io-adalo.

240 897 383 934 Tecum
402 896 637 946 piincipium
656 896 699 932 in
718 896 780 933 die
799 895 961 933 virtutis
979 900 1070 943 tuae,
1087 896 1130 933 in
1148 895 1418 946 splendoribus
1437 899 1684 933 sanctorum:
1706 909 1755 933 ex

160 953 272 986 utero
291 954 382 987 ante
400 950 607 987 luciferum
625 950 742 999 genui
761 954 810 987 te.

167 1002 205 1042 V.
242 1004 358 1040 Dixit
389 1004 584 1041 Dominus
614 1004 787 1040 Domino
818 1017 927 1050 meo3
961 1003 1058 1041 Sede
1086 1017 1110 1040 a
1138 1003 1288 1040 dextris
1318 1004 1436 1041 meis:
1465 1004 1586 1040 donec
1613 1016 1755 1053 ponam

158 1056 336 1094 inimicos
355 1062 442 1095 tuos
461 1057 669 1095 scabellum
689 1058 833 1106 pedum
852 1062 1022 1094 tuorum.

239 1111 436 1161 Alleluya.
516 1111 554 1149 V.
600 1111 696 1148 Dies
734 1112 997 1148 sanctificatus
1034 1111 1169 1148 illuxit
1206 1111 1319 1148 nobis
1337 1125 1345 1149 :
1385 1111 1517 1148 venite
1554 1115 1690 1160 gentes
1717 1115 1758 1148 et

156 1164 315 1202 adorate
334 1165 551 1202 Dominum
567 1179 575 1202 :
604 1165 697 1214 quia
714 1165 829 1202 hodie
848 1165 1047 1202 descendit
1067 1165 1138 1201 lux
1156 1178 1298 1214 magna
1316 1178 1432 1215 super
1449 1169 1606 1202 terram.

239 1218 456 1268 Sequentia.
516 1219 730 1256 Benedicta
759 1232 910 1268 semper
942 1218 994 1256 sit
1023 1219 1138 1256 beata
1168 1218 1354 1264 Trinitas,
1375 1224 1419 1255 ut
1443 1219 1488 1256 in
1514 1219 1575 1256 die
1602 1218 1756 1256 Sanctae

160 1272 379 1310 Trinitatis.

236 1326 459 1364 Secundum
478 1326 711 1364 ilsattlzaeum
729 1326 842 1376 (mvii.
870 1325 964 1376 1-9).

237 1379 288 1417 In
306 1380 375 1417 illo
394 1385 577 1430 tempore,
601 1380 826 1430 Assumpsit
850 1380 878 1417 J
881 1393 967 1416 esus
996 1379 1160 1417 Petrum
1189 1383 1229 1416 et
1256 1380 1284 1417 J
1287 1380 1451 1417 acobum
1470 1383 1509 1417 et
1529 1380 1557 1418 J
1560 1379 1753 1417 ohannem

157 1446 276 1482 usque
295 1434 350 1471 ad
365 1434 487 1471 donec
505 1434 609 1471 filius
627 1434 796 1470 hominis
815 1448 838 1471 a
857 1433 1021 1470 mortuis
1040 1438 1228 1483 resurgat.

240 1487 374 1525 Credo.

241 1541 496 1589 Offertorimn.

239 1595 346 1632 Deus
375 1595 480 1633 enim
510 1594 683 1632 firmavit
712 1595 845 1632 orbem
874 1598 998 1639 terrae,
1019 1608 1105 1645 quae
1135 1608 1214 1631 non
1243 1594 1580 1632 commovebitur:
1620 1599 1757 1644 parata

157 1649 265 1685 sedes
284 1654 366 1696 tua,
386 1649 506 1696 Deus,
529 1662 578 1686 ex
598 1653 693 1686 tunc
712 1662 735 1685 a
753 1648 893 1686 saeculo
913 1653 957 1686 tu
977 1662 1027 1687 es,

238 1702 397 1741 Secreta.

240 1756 409 1806 Suscipe‚
431 1769 663 1806 quaesumus,
685 1756 854 1792 Domine
874 1760 1019 1803 sancte,
1049 1755 1170 1793 Pater
1197 1756 1454 1806 omnipotens,
1479 1769 1643 1793 munera
1670 1769 1772 1805 quae·

158 1823 228 1860 pro
247 1810 413 1860 gloriosa
431 1810 525 1846 Filii
544 1810 605 1847 tui
624 1810 982 1859 Transfiguratione
1002 1809 1224 1857 deferimus,
1241 1814 1281 1847 et
1299 1810 1464 1846 concede
1483 1810 1687 1859 propitius,
1709 1815 1756 1847 ut

158 1877 226 1913 per
244 1863 324 1902 haec
343 1878 367 1901 a
393 1863 674 1914 temporalibus
701 1863 911 1900 liberemur
940 1863 1197 1901 incommodis
1227 1868 1266 1901 et
1295 1863 1448 1914 gaudiis
1478 1868 1756 1901 connectamur

159 1918 324 1955 aeternis.
383 1917 460 1955 Per
479 1917 656 1955 eundem.

237 1971 434 2021 Pragfatio.
493 1971 553 2008 De
569 1971 794 2010 Nativitctte.
854 1971 958 2017 Quia
975 1984 1045 2021 per
1063 1970 1275 2009 Incarnati.

240 2024 481 2063 Commum'o.

238 2079 290 2116 In
309 2079 577 2129 splendoribus
597 2083 822 2116 sanctorum
842 2092 891 2116 ex
910 2083 1023 2116 utero
1042 2082 1134 2116 ante
1153 2078 1361 2117 luciferum
1379 2079 1498 2129 genui
1517 2082 1567 2118 te.

239 2134 559 2171 Postcommunz‘o.

240 2187 357 2234 Deus,
379 2187 449 2236 qui
471 2187 576 2224 hunc
601 2186 705 2224 diem
736 2186 938 2223 Incarnati
957 2186 1085 2223 Verbi
1115 2186 1178 2223 tui
1207 2186 1577 2237 Transfiguiatione,
1598 2190 1756 2236 tuaeque

157 2240 206 2278 ad
227 2254 316 2277 eum
335 2241 451 2278 missa
469 2241 719 2290 paternitatis
738 2253 831 2278 voce
850 2240 1101 2287 consecrasti3
1129 2241 1271 2287 tribue,
1293 2253 1526 2289 quaesumus‚
1548 2245 1594 2277 ut
1611 2240 1757 2278 divinis

158 2294 261 2344 pasti
290 2294 484 2332 alimoniis
515 2295 557 2331 in
589 2295 673 2344 ejus
710 2307 928 2331 mereamur
961 2294 1136 2331 membra
1165 2294 1379 2341 transferri,
1413 2294 1483 2343 qui
1511 2294 1592 2331 haec
1622 2294 1665 2331 in
1696 2294 1756 2331 sui

157 2348 386 2385 memoriam
411 2348 498 2386 fieri
524 2348 720 2398 praecepit,
745 2347 861 2385 Jesus
892 2348 1072 2385 Christus
1104 2347 1228 2385 Filius
1258 2351 1350 2385 tuus
1384 2348 1579 2385 Dominus
1611 2352 1753 2386 noster.

159 2402 237 2448 Qui
256 2407 395 2442 tecum.
1685 2417 1686 2420 ’

551 2490 604 2527 IN
631 2500 703 2527 Dm
730 2489 1013 2527 VISITATIONIS
1044 2500 1183 2527 BEATAE
1212 2488 1376 2526 MARIAE.

238 2566 305 2603 Ad
320 2566 498 2605 Missam.
557 2565 743 2614 Officium.

241 2620 488 2657 Gaudeamus
518 2632 652 2656 omnes
676 2619 717 2656 in
743 2619 916 2656 Domino
945 2619 1049 2655 diem
1073 2618 1218 2656 festum
1247 2618 1486 2655 celebrantes
1511 2618 1583 2655 sub
1611 2618 1755 2655 honore

160 2674 299 2711 Mariae
317 2674 494 2723 virginis,
516 2673 563 2711 de
582 2674 694 2722 cujus
711 2673 937 2710 visitatione
955 2673 1129 2722 gaudent
1156 2671 1287 2723 angeli
1305 2676 1345 2709 et
1364 2672 1589 2709 collaudant
1608 2672 1755 2709 Filium

163 2728 249 2766 Dei.

242 2780 434 2819 Psctlmus.

241 2835 451 2872 Eructavit
469 2848 535 2872 cor
552 2847 683 2872 meum
702 2834 867 2871 Verbum
885 2834 1034 2870 bonum
1052 2848 1060 2872 t
1089 2833 1174 2871 dico
1193 2847 1263 2884 ego
1283 2846 1399 2884 opera
1417 2847 1505 2870 mea
1524 2833 1617 2883 regi.

242 2888 387 2927 Oratio.

240 2942 360 2989 Deus,
396 2942 465 2992 qui
501 2942 801 2980 sacratissimam
838 2941 1033 2991 virginem
1061 2941 1232 2979 Mariam
1260 2941 1455 2991 unigeniti
1485 2940 1547 2977 tui
1577 2945 1754 2988 matrem,
