<?xml version="1.0" encoding="UTF-8"?>
<!DOCTYPE html PUBLIC "-//W3C//DTD XHTML 1.0 Transitional//EN"
    "http://www.w3.org/TR/xhtml1/DTD/xhtml1-transitional.dtd">
<html xmlns="http://www.w3.org/1999/xhtml" xml:lang="en" lang="en">
 <head>
  <title>
</title>
<meta http-equiv="Content-Type" content="text/html;charset=utf-8" />
  <meta name='ocr-system' content='tesseract 3.04.00' />
  <meta name='ocr-capabilities' content='ocr_page ocr_carea ocr_par ocr_line ocrx_word'/>
</head>
<body>
  <div class='ocr_page' id='page_1' title='image "./missaleadusumins02cath_0259.png"; bbox 0 0 1979 3348; ppageno 0'>
   <div class='ocr_carea' id='block_1_1' title="bbox 641 237 1699 293">
    <p class='ocr_par' dir='ltr' id='par_1_1' title="bbox 641 237 1699 293">
     <span class='ocr_line' id='line_1_1' title="bbox 641 237 1699 293; baseline -0.005 -11"><span class='ocrx_word' id='word_1_1' title='bbox 641 240 704 282; x_wconf 68' lang='lat' dir='ltr'>In</span> <span class='ocrx_word' id='word_1_2' title='bbox 734 239 806 282; x_wconf 69' lang='lat' dir='ltr'>clia</span> <span class='ocrx_word' id='word_1_3' title='bbox 836 238 982 281; x_wconf 68' lang='lat' dir='ltr'>sancti</span> <span class='ocrx_word' id='word_1_4' title='bbox 1011 237 1180 293; x_wconf 69' lang='lat' dir='ltr'>Egyz&#39;clii.</span> <span class='ocrx_word' id='word_1_5' title='bbox 1621 240 1699 280; x_wconf 71' lang='grc'>231</span> 
     </span>
    </p>
   </div>
   <div class='ocr_carea' id='block_1_2' title="bbox 193 351 1701 454">
    <p class='ocr_par' dir='ltr' id='par_1_2' title="bbox 193 351 1701 454">
     <span class='ocr_line' id='line_1_2' title="bbox 193 351 352 389; baseline 0 -1"><span class='ocrx_word' id='word_1_6' title='bbox 193 351 352 389; x_wconf 71' lang='lat' dir='ltr'>Secreta.</span> 
     </span>
     <span class='ocr_line' id='line_1_3' title="bbox 194 400 1701 454; baseline -0.001 -13"><span class='ocrx_word' id='word_1_7' title='bbox 194 405 363 454; x_wconf 84' lang='lat' dir='ltr'>Suscipe,</span> <span class='ocrx_word' id='word_1_8' title='bbox 385 417 615 454; x_wconf 68' lang='lat' dir='ltr'>quaesumus,</span> <span class='ocrx_word' id='word_1_9' title='bbox 638 403 818 450; x_wconf 84' lang='lat' dir='ltr'>Domine,</span> <span class='ocrx_word' id='word_1_10' title='bbox 839 403 986 440; x_wconf 83' lang='lat' dir='ltr'>hostias</span> <span class='ocrx_word' id='word_1_11' title='bbox 1005 406 1044 439; x_wconf 88' lang='lat' dir='ltr'>et</span> <span class='ocrx_word' id='word_1_12' title='bbox 1063 413 1195 451; x_wconf 78' lang='lat' dir='ltr'>preces</span> <span class='ocrx_word' id='word_1_13' title='bbox 1222 400 1459 437; x_wconf 86' lang='lat' dir='ltr'>humilitatis</span> <span class='ocrx_word' id='word_1_14' title='bbox 1487 405 1641 447; x_wconf 87' lang='lat' dir='ltr'>nostrae,</span> <span class='ocrx_word' id='word_1_15' title='bbox 1663 406 1701 439; x_wconf 85' lang='lat' dir='ltr'>et</span> 
     </span>
    </p>
   </div>
   <div class='ocr_carea' id='block_1_3' title="bbox 110 455 1704 655">
    <p class='ocr_par' dir='ltr' id='par_1_3' title="bbox 110 455 1704 655">
     <span class='ocr_line' id='line_1_4' title="bbox 110 455 1704 506; baseline -0.003 -12"><span class='ocrx_word' id='word_1_16' title='bbox 110 458 297 495; x_wconf 85' lang='lat' dir='ltr'>famulam</span> <span class='ocrx_word' id='word_1_17' title='bbox 315 462 424 495; x_wconf 85' lang='lat' dir='ltr'>tuam</span> <span class='ocrx_word' id='word_1_18' title='bbox 444 458 495 494; x_wconf 89' lang='lat' dir='ltr'>N.</span> <span class='ocrx_word' id='word_1_19' title='bbox 519 461 627 494; x_wconf 91' lang='lat' dir='ltr'>scuto</span> <span class='ocrx_word' id='word_1_20' title='bbox 646 457 898 506; x_wconf 89' lang='lat' dir='ltr'>protectionis</span> <span class='ocrx_word' id='word_1_21' title='bbox 915 460 993 493; x_wconf 82' lang='lat' dir='ltr'>tuae</span> <span class='ocrx_word' id='word_1_22' title='bbox 1013 456 1187 501; x_wconf 82' lang='lat' dir='ltr'>defende,</span> <span class='ocrx_word' id='word_1_23' title='bbox 1209 459 1249 492; x_wconf 90' lang='lat' dir='ltr'>et</span> <span class='ocrx_word' id='word_1_24' title='bbox 1267 467 1385 504; x_wconf 87' lang='lat' dir='ltr'>quam</span> <span class='ocrx_word' id='word_1_25' title='bbox 1405 468 1453 491; x_wconf 80' lang='lat' dir='ltr'>ex</span> <span class='ocrx_word' id='word_1_26' title='bbox 1481 455 1606 504; x_wconf 86' lang='lat' dir='ltr'>gratia</span> <span class='ocrx_word' id='word_1_27' title='bbox 1633 458 1704 491; x_wconf 84' lang='lat' dir='ltr'>tua</span> 
     </span>
     <span class='ocr_line' id='line_1_5' title="bbox 110 507 1700 561; baseline -0.002 -14"><span class='ocrx_word' id='word_1_28' title='bbox 110 511 310 561; x_wconf 83' lang='lat' dir='ltr'>gravidam</span> <span class='ocrx_word' id='word_1_29' title='bbox 330 524 410 548; x_wconf 89' lang='lat' dir='ltr'>esse</span> <span class='ocrx_word' id='word_1_30' title='bbox 429 511 599 557; x_wconf 88' lang='lat' dir='ltr'>voluisti,</span> <span class='ocrx_word' id='word_1_31' title='bbox 622 511 734 556; x_wconf 87' lang='lat' dir='ltr'>hanc,</span> <span class='ocrx_word' id='word_1_32' title='bbox 753 510 985 547; x_wconf 74' lang='lat' dir='ltr'>adveniente</span> <span class='ocrx_word' id='word_1_33' title='bbox 1004 513 1140 559; x_wconf 88' lang='lat' dir='ltr'>partus</span> <span class='ocrx_word' id='word_1_34' title='bbox 1168 512 1352 558; x_wconf 88' lang='lat' dir='ltr'>tempore,</span> <span class='ocrx_word' id='word_1_35' title='bbox 1372 507 1539 557; x_wconf 85' lang='lat' dir='ltr'>gratiose</span> <span class='ocrx_word' id='word_1_36' title='bbox 1568 507 1700 555; x_wconf 84' lang='lat' dir='ltr'>libera,</span> 
     </span>
     <span class='ocr_line' id='line_1_6' title="bbox 110 561 1702 614; baseline -0.003 -13"><span class='ocrx_word' id='word_1_37' title='bbox 110 568 150 601; x_wconf 90' lang='lat' dir='ltr'>et</span> <span class='ocrx_word' id='word_1_38' title='bbox 169 565 218 601; x_wconf 88' lang='lat' dir='ltr'>ab</span> <span class='ocrx_word' id='word_1_39' title='bbox 242 565 422 601; x_wconf 89' lang='lat' dir='ltr'>omnibus</span> <span class='ocrx_word' id='word_1_40' title='bbox 449 564 808 614; x_wconf 86' lang='lat' dir='ltr'>perturbationibus</span> <span class='ocrx_word' id='word_1_41' title='bbox 837 576 925 600; x_wconf 89' lang='lat' dir='ltr'>cum</span> <span class='ocrx_word' id='word_1_42' title='bbox 955 563 1063 612; x_wconf 87' lang='lat' dir='ltr'>prole</span> <span class='ocrx_word' id='word_1_43' title='bbox 1093 563 1136 599; x_wconf 89' lang='lat' dir='ltr'>in</span> <span class='ocrx_word' id='word_1_44' title='bbox 1164 563 1247 612; x_wconf 87' lang='lat' dir='ltr'>ipsa</span> <span class='ocrx_word' id='word_1_45' title='bbox 1277 565 1461 599; x_wconf 86' lang='lat' dir='ltr'>contenta</span> <span class='ocrx_word' id='word_1_46' title='bbox 1490 561 1702 598; x_wconf 89' lang='lat' dir='ltr'>clementer</span> 
     </span>
     <span class='ocr_line' id='line_1_7' title="bbox 110 618 682 655; baseline 0 -1"><span class='ocrx_word' id='word_1_47' title='bbox 110 630 303 655; x_wconf 82' lang='lat' dir='ltr'>conserva.</span> <span class='ocrx_word' id='word_1_48' title='bbox 362 618 439 655; x_wconf 88' lang='lat' dir='ltr'>Per</span> <span class='ocrx_word' id='word_1_49' title='bbox 458 618 682 655; x_wconf 91' lang='lat' dir='ltr'>Dominum.</span> 
     </span>
    </p>
   </div>
   <div class='ocr_carea' id='block_1_4' title="bbox 189 672 1699 774">
    <p class='ocr_par' dir='ltr' id='par_1_4' title="bbox 189 672 1699 774">
     <span class='ocr_line' id='line_1_8' title="bbox 190 672 510 709; baseline 0.003 -2"><span class='ocrx_word' id='word_1_50' title='bbox 190 672 510 709; x_wconf 62' lang='lat' dir='ltr'>postcommunio.</span> 
     </span>
     <span class='ocr_line' id='line_1_9' title="bbox 189 721 1699 774; baseline -0.003 -12"><span class='ocrx_word' id='word_1_51' title='bbox 189 725 338 762; x_wconf 79' lang='lat' dir='ltr'>Adesto</span> <span class='ocrx_word' id='word_1_52' title='bbox 371 724 718 774; x_wconf 67' lang='lat' dir='ltr'>supplicationibus</span> <span class='ocrx_word' id='word_1_53' title='bbox 750 723 904 770; x_wconf 86' lang='lat' dir='ltr'>nostris,</span> <span class='ocrx_word' id='word_1_54' title='bbox 936 723 1181 772; x_wconf 87' lang='lat' dir='ltr'>omnipotens</span> <span class='ocrx_word' id='word_1_55' title='bbox 1212 721 1330 768; x_wconf 89' lang='lat' dir='ltr'>Deus,</span> <span class='ocrx_word' id='word_1_56' title='bbox 1361 725 1400 759; x_wconf 88' lang='lat' dir='ltr'>et</span> <span class='ocrx_word' id='word_1_57' title='bbox 1429 721 1584 758; x_wconf 75' lang='lat' dir='ltr'>famulae</span> <span class='ocrx_word' id='word_1_58' title='bbox 1621 727 1699 758; x_wconf 79' lang='lat' dir='ltr'>tuae</span> 
     </span>
    </p>
   </div>
   <div class='ocr_carea' id='block_1_5' title="bbox 107 775 1699 936">
    <p class='ocr_par' dir='ltr' id='par_1_5' title="bbox 107 775 1699 936">
     <span class='ocr_line' id='line_1_10' title="bbox 108 775 1697 828; baseline -0.002 -14"><span class='ocrx_word' id='word_1_59' title='bbox 108 777 294 828; x_wconf 65' lang='lat' dir='ltr'>largiflua}</span> <span class='ocrx_word' id='word_1_60' title='bbox 313 779 566 828; x_wconf 85' lang='lat' dir='ltr'>protectionis</span> <span class='ocrx_word' id='word_1_61' title='bbox 585 790 726 814; x_wconf 86' lang='lat' dir='ltr'>munus</span> <span class='ocrx_word' id='word_1_62' title='bbox 745 777 920 823; x_wconf 85' lang='lat' dir='ltr'>concede,</span> <span class='ocrx_word' id='word_1_63' title='bbox 937 781 983 812; x_wconf 91' lang='lat' dir='ltr'>ut</span> <span class='ocrx_word' id='word_1_64' title='bbox 1002 776 1233 813; x_wconf 71' lang='lat' dir='ltr'>adveniente</span> <span class='ocrx_word' id='word_1_65' title='bbox 1254 781 1429 825; x_wconf 89' lang='lat' dir='ltr'>tempore</span> <span class='ocrx_word' id='word_1_66' title='bbox 1443 775 1697 824; x_wconf 81' lang='lat' dir='ltr'>parturiendi,</span> 
     </span>
     <span class='ocr_line' id='line_1_11' title="bbox 107 829 1699 881; baseline -0.002 -13"><span class='ocrx_word' id='word_1_67' title='bbox 107 832 241 881; x_wconf 80' lang='lat' dir='ltr'>gratiae</span> <span class='ocrx_word' id='word_1_68' title='bbox 260 837 338 869; x_wconf 81' lang='lat' dir='ltr'>tuae</span> <span class='ocrx_word' id='word_1_69' title='bbox 358 832 581 881; x_wconf 70' lang='lat' dir='ltr'>praesidium</span> <span class='ocrx_word' id='word_1_70' title='bbox 600 831 795 880; x_wconf 87' lang='lat' dir='ltr'>suscipiat,</span> <span class='ocrx_word' id='word_1_71' title='bbox 816 834 855 867; x_wconf 90' lang='lat' dir='ltr'>et</span> <span class='ocrx_word' id='word_1_72' title='bbox 874 829 1000 879; x_wconf 88' lang='lat' dir='ltr'>proles</span> <span class='ocrx_word' id='word_1_73' title='bbox 1019 842 1137 878; x_wconf 84' lang='lat' dir='ltr'>quam</span> <span class='ocrx_word' id='word_1_74' title='bbox 1156 829 1333 875; x_wconf 74' lang='lat' dir='ltr'>ediderit,</span> <span class='ocrx_word' id='word_1_75' title='bbox 1348 833 1528 878; x_wconf 88' lang='lat' dir='ltr'>percepto</span> <span class='ocrx_word' id='word_1_76' title='bbox 1546 829 1699 866; x_wconf 78' lang='lat' dir='ltr'>lavacro</span> 
     </span>
     <span class='ocr_line' id='line_1_12' title="bbox 107 882 1515 936; baseline -0.001 -15"><span class='ocrx_word' id='word_1_77' title='bbox 107 885 280 933; x_wconf 82' lang='lat' dir='ltr'>salutari,</span> <span class='ocrx_word' id='word_1_78' title='bbox 301 886 479 936; x_wconf 70' lang='lat' dir='ltr'>gratiosis</span> <span class='ocrx_word' id='word_1_79' title='bbox 497 885 663 922; x_wconf 70' lang='lat' dir='ltr'>feliciter</span> <span class='ocrx_word' id='word_1_80' title='bbox 681 884 858 934; x_wconf 87' lang='lat' dir='ltr'>proficiat</span> <span class='ocrx_word' id='word_1_81' title='bbox 877 883 1136 920; x_wconf 81' lang='lat' dir='ltr'>incrementis.</span> <span class='ocrx_word' id='word_1_82' title='bbox 1195 883 1271 920; x_wconf 88' lang='lat' dir='ltr'>Per</span> <span class='ocrx_word' id='word_1_83' title='bbox 1290 882 1515 920; x_wconf 87' lang='lat' dir='ltr'>Dominum.</span> 
     </span>
    </p>
   </div>
   <div class='ocr_carea' id='block_1_6' title="bbox 742 984 1057 1023">
    <p class='ocr_par' dir='ltr' id='par_1_6' title="bbox 742 984 1057 1023">
     <span class='ocr_line' id='line_1_13' title="bbox 742 984 1057 1023; baseline -0.003 -1"><span class='ocrx_word' id='word_1_84' title='bbox 742 985 863 1023; x_wconf 74' lang='lat' dir='ltr'>From</span> <span class='ocrx_word' id='word_1_85' title='bbox 890 984 976 1023; x_wconf 80' lang='lat' dir='ltr'>MS.</span> <span class='ocrx_word' id='word_1_86' title='bbox 1007 985 1057 1022; x_wconf 89' lang='lat' dir='ltr'>D.</span> 
     </span>
    </p>
   </div>
   <div class='ocr_carea' id='block_1_7' title="bbox 101 1055 1698 1912">
    <p class='ocr_par' dir='ltr' id='par_1_7' title="bbox 543 1055 1252 1102">
     <span class='ocr_line' id='line_1_14' title="bbox 543 1055 1252 1102; baseline -0.003 -9"><span class='ocrx_word' id='word_1_87' title='bbox 543 1056 595 1093; x_wconf 81' lang='lat' dir='ltr'>IN</span> <span class='ocrx_word' id='word_1_88' title='bbox 622 1067 692 1093; x_wconf 80' lang='lat' dir='ltr'>Dm</span> <span class='ocrx_word' id='word_1_89' title='bbox 720 1066 860 1093; x_wconf 83' lang='lat' dir='ltr'>SANCTI</span> <span class='ocrx_word' id='word_1_90' title='bbox 890 1055 1043 1102; x_wconf 69' lang='lat' dir='ltr'>Emnu,</span> <span class='ocrx_word' id='word_1_91' title='bbox 1075 1066 1252 1092; x_wconf 80' lang='lat' dir='ltr'>ABBATIS.</span> 
     </span>
    </p>

    <p class='ocr_par' dir='ltr' id='par_1_8' title="bbox 188 1111 331 1149">
     <span class='ocr_line' id='line_1_15' title="bbox 188 1111 331 1149; baseline 0 -1"><span class='ocrx_word' id='word_1_92' title='bbox 188 1111 331 1149; x_wconf 76' lang='lat' dir='ltr'>Oratio.</span> 
     </span>
    </p>

    <p class='ocr_par' dir='ltr' id='par_1_9' title="bbox 103 1162 1696 1524">
     <span class='ocr_line' id='line_1_16' title="bbox 186 1162 1696 1212; baseline -0.001 -11"><span class='ocrx_word' id='word_1_93' title='bbox 186 1164 389 1201; x_wconf 83' lang='lat' dir='ltr'>Praetende</span> <span class='ocrx_word' id='word_1_94' title='bbox 413 1164 534 1210; x_wconf 88' lang='lat' dir='ltr'>nobis,</span> <span class='ocrx_word' id='word_1_95' title='bbox 557 1163 737 1209; x_wconf 87' lang='lat' dir='ltr'>Domine,</span> <span class='ocrx_word' id='word_1_96' title='bbox 759 1163 1060 1200; x_wconf 84' lang='lat' dir='ltr'>misericordiam</span> <span class='ocrx_word' id='word_1_97' title='bbox 1092 1167 1213 1209; x_wconf 87' lang='lat' dir='ltr'>tuam,</span> <span class='ocrx_word' id='word_1_98' title='bbox 1235 1166 1281 1199; x_wconf 92' lang='lat' dir='ltr'>ut</span> <span class='ocrx_word' id='word_1_99' title='bbox 1309 1163 1377 1212; x_wconf 89' lang='lat' dir='ltr'>qui</span> <span class='ocrx_word' id='word_1_100' title='bbox 1405 1175 1475 1212; x_wconf 88' lang='lat' dir='ltr'>per</span> <span class='ocrx_word' id='word_1_101' title='bbox 1503 1162 1696 1199; x_wconf 82' lang='lat' dir='ltr'>orationes</span> 
     </span>
     <span class='ocr_line' id='line_1_17' title="bbox 107 1216 1696 1267; baseline -0.002 -12"><span class='ocrx_word' id='word_1_102' title='bbox 107 1219 266 1255; x_wconf 85' lang='lat' dir='ltr'>devotas</span> <span class='ocrx_word' id='word_1_103' title='bbox 290 1218 395 1255; x_wconf 88' lang='lat' dir='ltr'>beati</span> <span class='ocrx_word' id='word_1_104' title='bbox 424 1217 556 1267; x_wconf 88' lang='lat' dir='ltr'>Egidii</span> <span class='ocrx_word' id='word_1_105' title='bbox 574 1217 726 1254; x_wconf 81' lang='lat' dir='ltr'>abbatis</span> <span class='ocrx_word' id='word_1_106' title='bbox 748 1216 930 1254; x_wconf 84' lang='lat' dir='ltr'>Carolum</span> <span class='ocrx_word' id='word_1_107' title='bbox 949 1217 1224 1267; x_wconf 83' lang='lat' dir='ltr'>imperatorem</span> <span class='ocrx_word' id='word_1_108' title='bbox 1243 1230 1266 1253; x_wconf 86' lang='lat' dir='ltr'>a</span> <span class='ocrx_word' id='word_1_109' title='bbox 1284 1220 1529 1266; x_wconf 86' lang='lat' dir='ltr'>peccatorum</span> <span class='ocrx_word' id='word_1_110' title='bbox 1548 1216 1696 1265; x_wconf 84' lang='lat' dir='ltr'>laqueis</span> 
     </span>
     <span class='ocr_line' id='line_1_18' title="bbox 104 1270 1695 1319; baseline -0.001 -11"><span class='ocrx_word' id='word_1_111' title='bbox 104 1272 291 1318; x_wconf 81' lang='lat' dir='ltr'>liberasti,</span> <span class='ocrx_word' id='word_1_112' title='bbox 322 1271 485 1308; x_wconf 85' lang='lat' dir='ltr'>concede</span> <span class='ocrx_word' id='word_1_113' title='bbox 514 1274 560 1307; x_wconf 90' lang='lat' dir='ltr'>ut</span> <span class='ocrx_word' id='word_1_114' title='bbox 589 1276 696 1308; x_wconf 88' lang='lat' dir='ltr'>tuam</span> <span class='ocrx_word' id='word_1_115' title='bbox 729 1270 990 1307; x_wconf 80' lang='lat' dir='ltr'>dulcissimam</span> <span class='ocrx_word' id='word_1_116' title='bbox 1020 1270 1221 1308; x_wconf 86' lang='lat' dir='ltr'>Deitatcm</span> <span class='ocrx_word' id='word_1_117' title='bbox 1251 1274 1385 1307; x_wconf 77' lang='lat' dir='ltr'>exoret</span> <span class='ocrx_word' id='word_1_118' title='bbox 1413 1283 1483 1319; x_wconf 91' lang='lat' dir='ltr'>pro</span> <span class='ocrx_word' id='word_1_119' title='bbox 1512 1270 1634 1315; x_wconf 89' lang='lat' dir='ltr'>nobis,</span> <span class='ocrx_word' id='word_1_120' title='bbox 1656 1275 1695 1307; x_wconf 92' lang='lat' dir='ltr'>et</span> 
     </span>
     <span class='ocr_line' id='line_1_19' title="bbox 105 1324 1696 1373; baseline -0.001 -11"><span class='ocrx_word' id='word_1_121' title='bbox 105 1326 339 1362; x_wconf 89' lang='lat' dir='ltr'>desiderium</span> <span class='ocrx_word' id='word_1_122' title='bbox 372 1329 550 1361; x_wconf 84' lang='lat' dir='ltr'>nostrum</span> <span class='ocrx_word' id='word_1_123' title='bbox 582 1324 624 1361; x_wconf 87' lang='lat' dir='ltr'>in</span> <span class='ocrx_word' id='word_1_124' title='bbox 656 1324 803 1361; x_wconf 86' lang='lat' dir='ltr'>bonum</span> <span class='ocrx_word' id='word_1_125' title='bbox 835 1325 938 1373; x_wconf 84' lang='lat' dir='ltr'>apud</span> <span class='ocrx_word' id='word_1_126' title='bbox 970 1328 1079 1361; x_wconf 85' lang='lat' dir='ltr'>tuam</span> <span class='ocrx_word' id='word_1_127' title='bbox 1110 1324 1294 1373; x_wconf 76' lang='lat' dir='ltr'>expediat</span> <span class='ocrx_word' id='word_1_128' title='bbox 1325 1324 1581 1373; x_wconf 86' lang='lat' dir='ltr'>majestatem,</span> <span class='ocrx_word' id='word_1_129' title='bbox 1606 1328 1645 1360; x_wconf 89' lang='lat' dir='ltr'>et</span> <span class='ocrx_word' id='word_1_130' title='bbox 1673 1337 1696 1360; x_wconf 82' lang='lat' dir='ltr'>a</span> 
     </span>
     <span class='ocr_line' id='line_1_20' title="bbox 104 1377 1694 1429; baseline -0.002 -13"><span class='ocrx_word' id='word_1_131' title='bbox 104 1383 221 1429; x_wconf 87' lang='lat' dir='ltr'>puteo</span> <span class='ocrx_word' id='word_1_132' title='bbox 240 1379 410 1416; x_wconf 86' lang='lat' dir='ltr'>faetentis</span> <span class='ocrx_word' id='word_1_133' title='bbox 429 1378 576 1428; x_wconf 87' lang='lat' dir='ltr'>peccati</span> <span class='ocrx_word' id='word_1_134' title='bbox 594 1379 743 1414; x_wconf 88' lang='lat' dir='ltr'>animas</span> <span class='ocrx_word' id='word_1_135' title='bbox 762 1383 912 1414; x_wconf 87' lang='lat' dir='ltr'>nostras</span> <span class='ocrx_word' id='word_1_136' title='bbox 931 1379 1142 1415; x_wconf 84' lang='lat' dir='ltr'>transferat</span> <span class='ocrx_word' id='word_1_137' title='bbox 1169 1378 1218 1414; x_wconf 87' lang='lat' dir='ltr'>ad</span> <span class='ocrx_word' id='word_1_138' title='bbox 1246 1377 1438 1427; x_wconf 87' lang='lat' dir='ltr'>integram</span> <span class='ocrx_word' id='word_1_139' title='bbox 1468 1378 1694 1426; x_wconf 89' lang='lat' dir='ltr'>puritatem,</span> 
     </span>
     <span class='ocr_line' id='line_1_21' title="bbox 103 1431 1695 1482; baseline -0.001 -13"><span class='ocrx_word' id='word_1_140' title='bbox 103 1433 152 1470; x_wconf 85' lang='lat' dir='ltr'>ad</span> <span class='ocrx_word' id='word_1_141' title='bbox 181 1433 315 1481; x_wconf 82' lang='lat' dir='ltr'>gratiae</span> <span class='ocrx_word' id='word_1_142' title='bbox 346 1433 575 1479; x_wconf 79' lang='lat' dir='ltr'>claritatem,</span> <span class='ocrx_word' id='word_1_143' title='bbox 595 1432 644 1469; x_wconf 80' lang='lat' dir='ltr'>ad</span> <span class='ocrx_word' id='word_1_144' title='bbox 675 1431 807 1482; x_wconf 80' lang='lat' dir='ltr'>gloriae</span> <span class='ocrx_word' id='word_1_145' title='bbox 842 1431 1030 1468; x_wconf 89' lang='lat' dir='ltr'>mirabilis</span> <span class='ocrx_word' id='word_1_146' title='bbox 1058 1435 1286 1482; x_wconf 85' lang='lat' dir='ltr'>perpetuam</span> <span class='ocrx_word' id='word_1_147' title='bbox 1317 1432 1557 1481; x_wconf 83' lang='lat' dir='ltr'>dignitatem.</span> <span class='ocrx_word' id='word_1_148' title='bbox 1617 1431 1695 1468; x_wconf 87' lang='lat' dir='ltr'>Per</span> 
     </span>
     <span class='ocr_line' id='line_1_22' title="bbox 104 1486 330 1524; baseline -0.004 0"><span class='ocrx_word' id='word_1_149' title='bbox 104 1486 330 1524; x_wconf 86' lang='lat' dir='ltr'>Dominum.</span> 
     </span>
    </p>

    <p class='ocr_par' dir='ltr' id='par_1_10' title="bbox 184 1540 343 1577">
     <span class='ocr_line' id='line_1_23' title="bbox 184 1540 343 1577; baseline -0.006 0"><span class='ocrx_word' id='word_1_150' title='bbox 184 1540 343 1577; x_wconf 72' lang='lat' dir='ltr'>Secreta.</span> 
     </span>
    </p>

    <p class='ocr_par' dir='ltr' id='par_1_11' title="bbox 101 1592 1698 1750">
     <span class='ocr_line' id='line_1_24' title="bbox 184 1592 1696 1642; baseline -0.001 -12"><span class='ocrx_word' id='word_1_151' title='bbox 184 1594 389 1630; x_wconf 87' lang='lat' dir='ltr'>Mentibus</span> <span class='ocrx_word' id='word_1_152' title='bbox 420 1593 577 1639; x_wconf 82' lang='lat' dir='ltr'>nostris,</span> <span class='ocrx_word' id='word_1_153' title='bbox 611 1606 844 1642; x_wconf 79' lang='lat' dir='ltr'>quaesumus,</span> <span class='ocrx_word' id='word_1_154' title='bbox 878 1593 1059 1640; x_wconf 88' lang='lat' dir='ltr'>Domine,</span> <span class='ocrx_word' id='word_1_155' title='bbox 1094 1592 1200 1629; x_wconf 87' lang='lat' dir='ltr'>beati</span> <span class='ocrx_word' id='word_1_156' title='bbox 1234 1592 1366 1641; x_wconf 86' lang='lat' dir='ltr'>Egidii</span> <span class='ocrx_word' id='word_1_157' title='bbox 1399 1592 1553 1629; x_wconf 86' lang='lat' dir='ltr'>abbatis</span> <span class='ocrx_word' id='word_1_158' title='bbox 1579 1593 1696 1629; x_wconf 86' lang='lat' dir='ltr'>inter-</span> 
     </span>
     <span class='ocr_line' id='line_1_25' title="bbox 103 1646 1698 1697; baseline -0.001 -13"><span class='ocrx_word' id='word_1_159' title='bbox 103 1648 273 1684; x_wconf 88' lang='lat' dir='ltr'>cessione</span> <span class='ocrx_word' id='word_1_160' title='bbox 309 1647 475 1697; x_wconf 81' lang='lat' dir='ltr'>gratiam</span> <span class='ocrx_word' id='word_1_161' title='bbox 513 1651 591 1683; x_wconf 84' lang='lat' dir='ltr'>tuae</span> <span class='ocrx_word' id='word_1_162' title='bbox 638 1647 868 1695; x_wconf 84' lang='lat' dir='ltr'>placationis</span> <span class='ocrx_word' id='word_1_163' title='bbox 904 1647 1080 1692; x_wconf 87' lang='lat' dir='ltr'>infunde,</span> <span class='ocrx_word' id='word_1_164' title='bbox 1118 1650 1164 1682; x_wconf 91' lang='lat' dir='ltr'>ut</span> <span class='ocrx_word' id='word_1_165' title='bbox 1201 1646 1342 1683; x_wconf 87' lang='lat' dir='ltr'>collata</span> <span class='ocrx_word' id='word_1_166' title='bbox 1378 1646 1490 1683; x_wconf 89' lang='lat' dir='ltr'>nobis</span> <span class='ocrx_word' id='word_1_167' title='bbox 1526 1647 1698 1684; x_wconf 87' lang='lat' dir='ltr'>remedia</span> 
     </span>
     <span class='ocr_line' id='line_1_26' title="bbox 101 1699 1361 1750; baseline -0.002 -12"><span class='ocrx_word' id='word_1_168' title='bbox 101 1701 246 1738; x_wconf 86' lang='lat' dir='ltr'>tuearis</span> <span class='ocrx_word' id='word_1_169' title='bbox 266 1705 306 1738; x_wconf 92' lang='lat' dir='ltr'>et</span> <span class='ocrx_word' id='word_1_170' title='bbox 324 1701 520 1750; x_wconf 89' lang='lat' dir='ltr'>propitius</span> <span class='ocrx_word' id='word_1_171' title='bbox 540 1700 771 1738; x_wconf 84' lang='lat' dir='ltr'>conferenda</span> <span class='ocrx_word' id='word_1_172' title='bbox 791 1701 978 1750; x_wconf 85' lang='lat' dir='ltr'>largiaris.</span> <span class='ocrx_word' id='word_1_173' title='bbox 1037 1701 1115 1737; x_wconf 84' lang='lat' dir='ltr'>Per</span> <span class='ocrx_word' id='word_1_174' title='bbox 1134 1699 1361 1737; x_wconf 89' lang='lat' dir='ltr'>Dominum.</span> 
     </span>
    </p>

    <p class='ocr_par' dir='ltr' id='par_1_12' title="bbox 183 1755 503 1792">
     <span class='ocr_line' id='line_1_27' title="bbox 183 1755 503 1792; baseline -0.003 0"><span class='ocrx_word' id='word_1_175' title='bbox 183 1755 503 1792; x_wconf 60' lang='lat' dir='ltr'>Postcovmmmio.</span> 
     </span>
    </p>

    <p class='ocr_par' dir='ltr' id='par_1_13' title="bbox 103 1807 1697 1912">
     <span class='ocr_line' id='line_1_28' title="bbox 182 1807 1697 1857; baseline -0.001 -12"><span class='ocrx_word' id='word_1_176' title='bbox 182 1808 347 1853; x_wconf 83' lang='lat' dir='ltr'>Refecti,</span> <span class='ocrx_word' id='word_1_177' title='bbox 380 1808 559 1855; x_wconf 87' lang='lat' dir='ltr'>Domine,</span> <span class='ocrx_word' id='word_1_178' title='bbox 592 1808 903 1857; x_wconf 83' lang='lat' dir='ltr'>participationis</span> <span class='ocrx_word' id='word_1_179' title='bbox 941 1808 1105 1857; x_wconf 84' lang='lat' dir='ltr'>dapibus</span> <span class='ocrx_word' id='word_1_180' title='bbox 1143 1807 1335 1857; x_wconf 86' lang='lat' dir='ltr'>supplices</span> <span class='ocrx_word' id='word_1_181' title='bbox 1366 1807 1617 1856; x_wconf 86' lang='lat' dir='ltr'>deposcimus,</span> <span class='ocrx_word' id='word_1_182' title='bbox 1651 1812 1697 1844; x_wconf 88' lang='lat' dir='ltr'>ut</span> 
     </span>
     <span class='ocr_line' id='line_1_29' title="bbox 103 1861 1696 1912; baseline 0 -14"><span class='ocrx_word' id='word_1_183' title='bbox 103 1864 226 1899; x_wconf 89' lang='lat' dir='ltr'>sancti</span> <span class='ocrx_word' id='word_1_184' title='bbox 247 1862 379 1911; x_wconf 85' lang='lat' dir='ltr'>Egidii</span> <span class='ocrx_word' id='word_1_185' title='bbox 398 1862 626 1899; x_wconf 85' lang='lat' dir='ltr'>confessoris</span> <span class='ocrx_word' id='word_1_186' title='bbox 646 1862 706 1898; x_wconf 89' lang='lat' dir='ltr'>tui</span> <span class='ocrx_word' id='word_1_187' title='bbox 725 1862 903 1911; x_wconf 88' lang='lat' dir='ltr'>precibus</span> <span class='ocrx_word' id='word_1_188' title='bbox 923 1875 1074 1912; x_wconf 86' lang='lat' dir='ltr'>semper</span> <span class='ocrx_word' id='word_1_189' title='bbox 1087 1862 1231 1898; x_wconf 78' lang='lat' dir='ltr'>divinae</span> <span class='ocrx_word' id='word_1_190' title='bbox 1251 1861 1524 1898; x_wconf 82' lang='lat' dir='ltr'>consolationis</span> <span class='ocrx_word' id='word_1_191' title='bbox 1543 1875 1696 1899; x_wconf 90' lang='lat' dir='ltr'>muner-</span> 
     </span>
    </p>
   </div>
   <div class='ocr_carea' id='block_1_8' title="bbox 101 1915 792 1954">
    <p class='ocr_par' dir='ltr' id='par_1_14' title="bbox 101 1915 792 1954">
     <span class='ocr_line' id='line_1_30' title="bbox 101 1915 792 1954; baseline 0 -1"><span class='ocrx_word' id='word_1_192' title='bbox 101 1916 189 1953; x_wconf 88' lang='lat' dir='ltr'>ibus</span> <span class='ocrx_word' id='word_1_193' title='bbox 209 1917 411 1953; x_wconf 87' lang='lat' dir='ltr'>satientur.</span> <span class='ocrx_word' id='word_1_194' title='bbox 472 1915 549 1953; x_wconf 87' lang='lat' dir='ltr'>Per</span> <span class='ocrx_word' id='word_1_195' title='bbox 567 1915 792 1954; x_wconf 88' lang='lat' dir='ltr'>Dominum.</span> 
     </span>
    </p>
   </div>
   <div class='ocr_carea' id='block_1_9' title="bbox 343 2017 1451 2126">
    <p class='ocr_par' dir='ltr' id='par_1_15' title="bbox 343 2017 1451 2126">
     <span class='ocr_line' id='line_1_31' title="bbox 742 2017 1057 2056; baseline 0.003 -2"><span class='ocrx_word' id='word_1_196' title='bbox 742 2017 862 2055; x_wconf 74' lang='lat' dir='ltr'>From</span> <span class='ocrx_word' id='word_1_197' title='bbox 890 2018 976 2056; x_wconf 78' lang='lat' dir='ltr'>MS.</span> <span class='ocrx_word' id='word_1_198' title='bbox 1008 2019 1057 2055; x_wconf 86' lang='lat' dir='ltr'>D.</span> 
     </span>
     <span class='ocr_line' id='line_1_32' title="bbox 343 2087 1451 2126; baseline -0.001 0"><span class='ocrx_word' id='word_1_199' title='bbox 343 2089 395 2126; x_wconf 80' lang='lat' dir='ltr'>IN</span> <span class='ocrx_word' id='word_1_200' title='bbox 422 2088 552 2126; x_wconf 76' lang='lat' dir='ltr'>FEsro</span> <span class='ocrx_word' id='word_1_201' title='bbox 583 2087 866 2125; x_wconf 73' lang='lat' dir='ltr'>VISITA&#39;moNIs</span> <span class='ocrx_word' id='word_1_202' title='bbox 896 2099 1036 2125; x_wconf 82' lang='lat' dir='ltr'>BEATAE</span> <span class='ocrx_word' id='word_1_203' title='bbox 1063 2088 1218 2125; x_wconf 70' lang='lat' dir='ltr'><strong>MARIAE</strong></span> <span class='ocrx_word' id='word_1_204' title='bbox 1245 2088 1451 2125; x_wconf 68' lang='lat' dir='ltr'>Vnzcims.</span> 
     </span>
    </p>
   </div>
   <div class='ocr_carea' id='block_1_10' title="bbox 99 2169 1696 3013">
    <p class='ocr_par' dir='ltr' id='par_1_16' title="bbox 183 2169 840 2218">
     <span class='ocr_line' id='line_1_33' title="bbox 183 2169 840 2218; baseline -0.002 -12"><span class='ocrx_word' id='word_1_205' title='bbox 183 2170 367 2218; x_wconf 75' lang='lat' dir='ltr'>Qfficium.</span> <span class='ocrx_word' id='word_1_206' title='bbox 428 2169 678 2206; x_wconf 85' lang='lat' dir='ltr'>Gaudeamus</span> <span class='ocrx_word' id='word_1_207' title='bbox 697 2182 840 2206; x_wconf 89' lang='lat' dir='ltr'>omnes.</span> 
     </span>
    </p>

    <p class='ocr_par' dir='ltr' id='par_1_17' title="bbox 180 2223 803 2261">
     <span class='ocr_line' id='line_1_34' title="bbox 180 2223 803 2261; baseline -0.002 -1"><span class='ocrx_word' id='word_1_208' title='bbox 180 2223 375 2260; x_wconf 78' lang='lat' dir='ltr'>Psalmus.</span> <span class='ocrx_word' id='word_1_209' title='bbox 435 2223 603 2260; x_wconf 77' lang='lat' dir='ltr'>Caritate</span> <span class='ocrx_word' id='word_1_210' title='bbox 622 2223 803 2261; x_wconf 88' lang='lat' dir='ltr'>Domino.</span> 
     </span>
    </p>

    <p class='ocr_par' dir='ltr' id='par_1_18' title="bbox 183 2277 462 2314">
     <span class='ocr_line' id='line_1_35' title="bbox 183 2277 462 2314; baseline -0.004 0"><span class='ocrx_word' id='word_1_211' title='bbox 183 2277 319 2314; x_wconf 80' lang='lat' dir='ltr'>Gloria</span> <span class='ocrx_word' id='word_1_212' title='bbox 340 2277 462 2314; x_wconf 87' lang='lat' dir='ltr'>Patri.</span> 
     </span>
    </p>

    <p class='ocr_par' dir='ltr' id='par_1_19' title="bbox 185 2330 328 2368">
     <span class='ocr_line' id='line_1_36' title="bbox 185 2330 328 2368; baseline 0 0"><span class='ocrx_word' id='word_1_213' title='bbox 185 2330 328 2368; x_wconf 75' lang='lat' dir='ltr'>Oratio.</span> 
     </span>
    </p>

    <p class='ocr_par' dir='ltr' id='par_1_20' title="bbox 99 2383 1696 2584">
     <span class='ocr_line' id='line_1_37' title="bbox 182 2383 1696 2433; baseline -0.001 -12"><span class='ocrx_word' id='word_1_214' title='bbox 182 2384 441 2433; x_wconf 86' lang='lat' dir='ltr'>Omnipotens</span> <span class='ocrx_word' id='word_1_215' title='bbox 472 2384 707 2433; x_wconf 85' lang='lat' dir='ltr'>sempiterne</span> <span class='ocrx_word' id='word_1_216' title='bbox 737 2383 856 2431; x_wconf 91' lang='lat' dir='ltr'>Deus,</span> <span class='ocrx_word' id='word_1_217' title='bbox 887 2383 956 2433; x_wconf 87' lang='lat' dir='ltr'>qui</span> <span class='ocrx_word' id='word_1_218' title='bbox 988 2396 1038 2420; x_wconf 82' lang='lat' dir='ltr'>ex</span> <span class='ocrx_word' id='word_1_219' title='bbox 1066 2383 1308 2420; x_wconf 84' lang='lat' dir='ltr'>abundantia</span> <span class='ocrx_word' id='word_1_220' title='bbox 1339 2383 1515 2420; x_wconf 87' lang='lat' dir='ltr'>caritatis</span> <span class='ocrx_word' id='word_1_221' title='bbox 1541 2383 1696 2420; x_wconf 87' lang='lat' dir='ltr'>beatam</span> 
     </span>
     <span class='ocr_line' id='line_1_38' title="bbox 100 2437 1696 2487; baseline -0.001 -12"><span class='ocrx_word' id='word_1_222' title='bbox 100 2438 270 2475; x_wconf 87' lang='lat' dir='ltr'>Mariam</span> <span class='ocrx_word' id='word_1_223' title='bbox 303 2445 372 2475; x_wconf 89' lang='lat' dir='ltr'>tuo</span> <span class='ocrx_word' id='word_1_224' title='bbox 403 2438 506 2475; x_wconf 85' lang='lat' dir='ltr'>Filio</span> <span class='ocrx_word' id='word_1_225' title='bbox 537 2438 823 2487; x_wconf 83' lang='lat' dir='ltr'>impregnatam</span> <span class='ocrx_word' id='word_1_226' title='bbox 852 2438 901 2474; x_wconf 86' lang='lat' dir='ltr'>ad</span> <span class='ocrx_word' id='word_1_227' title='bbox 932 2437 1208 2474; x_wconf 86' lang='lat' dir='ltr'>salutationem</span> <span class='ocrx_word' id='word_1_228' title='bbox 1239 2437 1442 2474; x_wconf 87' lang='lat' dir='ltr'>Elizabeth</span> <span class='ocrx_word' id='word_1_229' title='bbox 1469 2438 1670 2487; x_wconf 68' lang='lat' dir='ltr'>inspirasti</span> <span class='ocrx_word' id='word_1_230' title='bbox 1687 2452 1696 2484; x_wconf 76' lang='lat'>3</span> 
     </span>
     <span class='ocr_line' id='line_1_39' title="bbox 100 2491 1695 2541; baseline 0.001 -13"><span class='ocrx_word' id='word_1_231' title='bbox 100 2496 253 2541; x_wconf 84' lang='lat' dir='ltr'>praesta,</span> <span class='ocrx_word' id='word_1_232' title='bbox 276 2505 510 2541; x_wconf 84' lang='lat' dir='ltr'>quaesumus,</span> <span class='ocrx_word' id='word_1_233' title='bbox 531 2495 577 2528; x_wconf 93' lang='lat' dir='ltr'>ut</span> <span class='ocrx_word' id='word_1_234' title='bbox 597 2505 665 2541; x_wconf 91' lang='lat' dir='ltr'>per</span> <span class='ocrx_word' id='word_1_235' title='bbox 689 2491 773 2541; x_wconf 85' lang='lat' dir='ltr'>ejus</span> <span class='ocrx_word' id='word_1_236' title='bbox 792 2491 1072 2529; x_wconf 84' lang='lat' dir='ltr'>Visitationem</span> <span class='ocrx_word' id='word_1_237' title='bbox 1091 2491 1204 2528; x_wconf 89' lang='lat' dir='ltr'>donis</span> <span class='ocrx_word' id='word_1_238' title='bbox 1217 2491 1435 2528; x_wconf 76' lang='lat' dir='ltr'>caelestibus</span> <span class='ocrx_word' id='word_1_239' title='bbox 1451 2491 1695 2541; x_wconf 83' lang='lat' dir='ltr'>impleamur,</span> 
     </span>
     <span class='ocr_line' id='line_1_40' title="bbox 99 2545 1513 2584; baseline 0 -2"><span class='ocrx_word' id='word_1_240' title='bbox 99 2549 139 2582; x_wconf 86' lang='lat' dir='ltr'>et</span> <span class='ocrx_word' id='word_1_241' title='bbox 157 2546 207 2584; x_wconf 87' lang='lat' dir='ltr'>ab</span> <span class='ocrx_word' id='word_1_242' title='bbox 226 2546 407 2583; x_wconf 88' lang='lat' dir='ltr'>omnibus</span> <span class='ocrx_word' id='word_1_243' title='bbox 426 2545 733 2582; x_wconf 85' lang='lat' dir='ltr'>adversitatibus</span> <span class='ocrx_word' id='word_1_244' title='bbox 752 2558 944 2582; x_wconf 87' lang='lat' dir='ltr'>eruamur.</span> <span class='ocrx_word' id='word_1_245' title='bbox 1004 2545 1081 2581; x_wconf 88' lang='lat' dir='ltr'>Per</span> <span class='ocrx_word' id='word_1_246' title='bbox 1100 2545 1267 2581; x_wconf 89' lang='lat' dir='ltr'>eundem</span> <span class='ocrx_word' id='word_1_247' title='bbox 1287 2545 1513 2582; x_wconf 79' lang='lat' dir='ltr'>Dominum.</span> 
     </span>
    </p>

    <p class='ocr_par' dir='ltr' id='par_1_21' title="bbox 180 2598 1290 2649">
     <span class='ocr_line' id='line_1_41' title="bbox 180 2598 1290 2649; baseline -0.001 -13"><span class='ocrx_word' id='word_1_248' title='bbox 180 2599 306 2637; x_wconf 69' lang='lat' dir='ltr'>Lectio</span> <span class='ocrx_word' id='word_1_249' title='bbox 330 2600 420 2637; x_wconf 69' lang='lat' dir='ltr'>libri</span> <span class='ocrx_word' id='word_1_250' title='bbox 436 2599 645 2648; x_wconf 64' lang='lat' dir='ltr'>Sapientiae</span> <span class='ocrx_word' id='word_1_251' title='bbox 664 2598 801 2649; x_wconf 69' lang='lat' dir='ltr'>(Cant.</span> <span class='ocrx_word' id='word_1_252' title='bbox 826 2598 1078 2637; x_wconf 71' lang='lat' dir='ltr'>C&#39;auticorwn</span> <span class='ocrx_word' id='word_1_253' title='bbox 1096 2599 1138 2635; x_wconf 75' lang='lat' dir='ltr'>ii.</span> <span class='ocrx_word' id='word_1_254' title='bbox 1161 2599 1290 2648; x_wconf 79' lang='lat'>8-14).</span> 
     </span>
    </p>

    <p class='ocr_par' dir='ltr' id='par_1_22' title="bbox 181 2652 1262 2701">
     <span class='ocr_line' id='line_1_42' title="bbox 181 2652 1262 2701; baseline -0.001 -11"><span class='ocrx_word' id='word_1_255' title='bbox 181 2653 279 2690; x_wconf 86' lang='lat' dir='ltr'>Ecce</span> <span class='ocrx_word' id='word_1_256' title='bbox 298 2653 373 2690; x_wconf 87' lang='lat' dir='ltr'>iste</span> <span class='ocrx_word' id='word_1_257' title='bbox 393 2653 503 2690; x_wconf 85' lang='lat' dir='ltr'>venit</span> <span class='ocrx_word' id='word_1_258' title='bbox 523 2652 666 2690; x_wconf 88' lang='lat' dir='ltr'>saliens</span> <span class='ocrx_word' id='word_1_259' title='bbox 683 2666 801 2701; x_wconf 75' lang='lat' dir='ltr'>usque</span> <span class='ocrx_word' id='word_1_260' title='bbox 820 2653 874 2689; x_wconf 78' lang='lat' dir='ltr'>acl</span> <span class='ocrx_word' id='word_1_261' title='bbox 892 2652 1008 2689; x_wconf 82' lang='lat' dir='ltr'>facies</span> <span class='ocrx_word' id='word_1_262' title='bbox 1027 2656 1097 2689; x_wconf 87' lang='lat' dir='ltr'>tua</span> <span class='ocrx_word' id='word_1_263' title='bbox 1115 2652 1262 2689; x_wconf 88' lang='lat' dir='ltr'>decora.</span> 
     </span>
    </p>

    <p class='ocr_par' dir='ltr' id='par_1_23' title="bbox 182 2705 1302 2756">
     <span class='ocr_line' id='line_1_43' title="bbox 182 2705 1302 2756; baseline -0.001 -13"><span class='ocrx_word' id='word_1_264' title='bbox 182 2706 360 2745; x_wconf 73' lang='lat' dir='ltr'>Gradale.</span> <span class='ocrx_word' id='word_1_265' title='bbox 387 2708 391 2712; x_wconf 76' lang='grc'><strong>”</strong></span> <span class='ocrx_word' id='word_1_266' title='bbox 419 2706 633 2744; x_wconf 84' lang='lat' dir='ltr'>Benedicta</span> <span class='ocrx_word' id='word_1_267' title='bbox 651 2710 691 2743; x_wconf 89' lang='lat' dir='ltr'>et</span> <span class='ocrx_word' id='word_1_268' title='bbox 708 2706 942 2743; x_wconf 83' lang='lat' dir='ltr'>venerabilis</span> <span class='ocrx_word' id='word_1_269' title='bbox 961 2718 1013 2752; x_wconf 90' lang='lat' dir='ltr'>es,</span> <span class='ocrx_word' id='word_1_270' title='bbox 1033 2706 1143 2756; x_wconf 83' lang='lat' dir='ltr'>virgo</span> <span class='ocrx_word' id='word_1_271' title='bbox 1163 2705 1302 2743; x_wconf 87' lang='lat' dir='ltr'>Maria.</span> 
     </span>
    </p>

    <p class='ocr_par' dir='ltr' id='par_1_24' title="bbox 108 2758 413 2810">
     <span class='ocr_line' id='line_1_44' title="bbox 108 2758 413 2810; baseline 0.007 -14"><span class='ocrx_word' id='word_1_272' title='bbox 108 2758 147 2796; x_wconf 78' lang='lat' dir='ltr'>V.</span> <span class='ocrx_word' id='word_1_273' title='bbox 183 2759 308 2810; x_wconf 87' lang='lat' dir='ltr'>Virgo</span> <span class='ocrx_word' id='word_1_274' title='bbox 327 2760 413 2798; x_wconf 90' lang='lat' dir='ltr'>Dei.</span> 
     </span>
    </p>

    <p class='ocr_par' dir='ltr' id='par_1_25' title="bbox 99 2813 1692 2917">
     <span class='ocr_line' id='line_1_45' title="bbox 177 2813 1692 2863; baseline 0.001 -14"><span class='ocrx_word' id='word_1_275' title='bbox 177 2814 371 2862; x_wconf 83' lang='lat' dir='ltr'>Alleluya.</span> <span class='ocrx_word' id='word_1_276' title='bbox 438 2814 476 2851; x_wconf 89' lang='lat' dir='ltr'>V.</span> <span class='ocrx_word' id='word_1_277' title='bbox 511 2814 563 2851; x_wconf 87' lang='lat' dir='ltr'>In</span> <span class='ocrx_word' id='word_1_278' title='bbox 591 2813 722 2850; x_wconf 88' lang='lat' dir='ltr'>Maria</span> <span class='ocrx_word' id='word_1_279' title='bbox 748 2813 955 2863; x_wconf 85' lang='lat' dir='ltr'>virginitas</span> <span class='ocrx_word' id='word_1_280' title='bbox 986 2825 1056 2863; x_wconf 89' lang='lat' dir='ltr'>per</span> <span class='ocrx_word' id='word_1_281' title='bbox 1089 2813 1229 2850; x_wconf 86' lang='lat' dir='ltr'>saecula</span> <span class='ocrx_word' id='word_1_282' title='bbox 1261 2813 1568 2859; x_wconf 87' lang='lat' dir='ltr'>commendatur,</span> <span class='ocrx_word' id='word_1_283' title='bbox 1599 2813 1692 2850; x_wconf 90' lang='lat' dir='ltr'>dum</span> 
     </span>
     <span class='ocr_line' id='line_1_46' title="bbox 99 2866 878 2917; baseline 0.004 -15"><span class='ocrx_word' id='word_1_284' title='bbox 99 2866 263 2904; x_wconf 78' lang='lat' dir='ltr'>visitans</span> <span class='ocrx_word' id='word_1_285' title='bbox 283 2867 487 2905; x_wconf 88' lang='lat' dir='ltr'>Elizabeth</span> <span class='ocrx_word' id='word_1_286' title='bbox 505 2867 663 2904; x_wconf 87' lang='lat' dir='ltr'>subdita</span> <span class='ocrx_word' id='word_1_287' title='bbox 682 2867 878 2917; x_wconf 86' lang='lat' dir='ltr'>probatur.</span> 
     </span>
    </p>

    <p class='ocr_par' dir='ltr' id='par_1_26' title="bbox 103 2919 1696 3013">
     <span class='ocr_line' id='line_1_47' title="bbox 178 2919 1696 2971; baseline 0 -14"><span class='ocrx_word' id='word_1_288' title='bbox 178 2919 233 2957; x_wconf 75' lang='lat' dir='ltr'>In</span> <span class='ocrx_word' id='word_1_289' title='bbox 279 2927 439 2970; x_wconf 75' lang='lat' dir='ltr'>tempore</span> <span class='ocrx_word' id='word_1_290' title='bbox 484 2920 678 2966; x_wconf 70' lang='lat' dir='ltr'>Paschalz‘,</span> <span class='ocrx_word' id='word_1_291' title='bbox 726 2920 924 2969; x_wconf 83' lang='lat' dir='ltr'>Alleluya.</span> <span class='ocrx_word' id='word_1_292' title='bbox 1028 2919 1066 2957; x_wconf 88' lang='lat' dir='ltr'>V.</span> <span class='ocrx_word' id='word_1_293' title='bbox 1124 2920 1217 2970; x_wconf 78' lang='lat' dir='ltr'>Spes</span> <span class='ocrx_word' id='word_1_294' title='bbox 1256 2920 1373 2957; x_wconf 84' lang='lat' dir='ltr'>datur</span> <span class='ocrx_word' id='word_1_295' title='bbox 1409 2920 1516 2957; x_wconf 86' lang='lat' dir='ltr'>omni</span> <span class='ocrx_word' id='word_1_296' title='bbox 1554 2921 1696 2971; x_wconf 86' lang='lat' dir='ltr'>populo</span> 
     </span>
     <span class='ocr_line' id='line_1_48' title="bbox 103 2972 1514 3013; baseline 0.001 -3"><span class='ocrx_word' id='word_1_297' title='bbox 103 2972 273 3011; x_wconf 87' lang='lat' dir='ltr'>Mariam</span> <span class='ocrx_word' id='word_1_298' title='bbox 291 2988 383 3012; x_wconf 84' lang='lat' dir='ltr'>mox</span> <span class='ocrx_word' id='word_1_299' title='bbox 401 2975 582 3013; x_wconf 84' lang='lat' dir='ltr'>invocare</span> <span class='ocrx_word' id='word_1_300' title='bbox 601 2974 753 3011; x_wconf 85' lang='lat' dir='ltr'>videnti</span> <span class='ocrx_word' id='word_1_301' title='bbox 772 2974 872 3012; x_wconf 88' lang='lat' dir='ltr'>hanc</span> <span class='ocrx_word' id='word_1_302' title='bbox 892 2974 1097 3011; x_wconf 84' lang='lat' dir='ltr'>Elizabeth</span> <span class='ocrx_word' id='word_1_303' title='bbox 1116 2973 1324 3011; x_wconf 82' lang='lat' dir='ltr'>humiliter</span> <span class='ocrx_word' id='word_1_304' title='bbox 1342 2974 1514 3011; x_wconf 86' lang='lat' dir='ltr'>visitare.</span> 
     </span>
    </p>
   </div>
  </div>
 </body>
</html>
