1979 3348
278 209 332 248 80
886 205 1012 248 Festa
1041 203 1255 259 Auyusti.

321 366 565 404 SANCTORUM
593 375 823 402 MARTYRUM
852 364 1092 409 HIPPOLYH,
1124 373 1406 407 3061011οΜ0οΕ
1434 372 1539 400 EJUS.
1600 361 1676 412 (Id.
1697 361 1793 412 Aug
1770 361 1821 412 σ.)

364 462 547 512 Officium.
604 463 632 500 J
635 462 715 500 usti
733 461 949 511 epulentur.

364 517 506 555 Oratio.

357 570 431 615 Da,
459 582 692 620 quaesumus,
720 568 966 618 omnipotens
999 569 1118 616 Deus,
1145 572 1190 605 ut
1219 568 1325 605 beati
1355 566 1570 617 Hippolyti
1598 566 1781 615 martyris
1809 565 1870 602 tui

276 624 544 673 sociorumque
562 624 645 673 ejus
669 623 891 660 veneranda
916 622 1156 660 sollemnitas
1181 626 1221 659 et
1245 621 1492 659 devotionem
1521 621 1633 658 nobis
1662 623 1802 671 augeat
1830 623 1869 657 et

276 678 451 716 salutem.
510 677 597 714 Per.

355 731 543 781 Epistola.
600 731 744 768 Justus
772 730 806 767 si
833 734 969 768 morte.

358 785 536 823 Gradatae.
593 784 622 822 J
624 788 801 822 ustorum
829 784 979 822 animae.

355 839 551 888 Alleluya.
617 838 655 876 V.
699 838 727 875 J
729 838 809 875 usti
837 838 1055 888 epulentur.

354 893 620 941 Evmzyelium.
678 892 891 929 Attendite
920 905 944 928 a
971 892 1171 929 fermento.

363 947 615 995 Qffertorimn.
675 946 825 983 Anima
851 950 995 983 nostra.

356 1000 515 1038 Secreta.

356 1054 531 1103 Respice,
556 1053 737 1100 Domine,
764 1066 926 1090 munera
955 1052 1091 1102 populi
1122 1052 1183 1089 tui
1216 1055 1438 1088 sanctorum
1467 1055 1625 1088 tuorum
1654 1050 1871 1088 festivitate

275 1108 418 1155 votiva,
451 1112 491 1145 et
524 1112 601 1144 tuae
631 1107 854 1144 testificatio
886 1106 1065 1144 veritatis
1097 1106 1209 1143 nobis
1247 1105 1423 1156 proficiat
1459 1105 1508 1142 ad
1546 1105 1722 1142 salutem.
1794 1104 1872 1141 Per

278 1162 506 1200 Dominum.

357 1215 597 1254 Communia
656 1214 769 1259 Quod
788 1214 873 1251 dieo
892 1213 1012 1251 vobis.

356 1268 680 1307 Postcommum'o.

355 1323 696 1360 Saoramentorum
723 1325 894 1368 tuorum,
926 1321 1110 1368 Domine,
1140 1320 1360 1358 communio
1389 1324 1545 1370 sumpta
1575 1332 1645 1357 nos
1675 1319 1813 1366 salvet,
1833 1323 1872 1356 et

273 1379 316 1415 in
334 1381 414 1414 tuae
432 1376 612 1414 veritatis
631 1376 717 1413 luce
737 1375 953 1414 confirmet.
1013 1374 1100 1413 Per.

400 1558 451 1594 IN
478 1556 653 1594 VIGILIA
681 1554 984 1592 ASSUMPTIONIS
1013 1564 1153 1591 BEATAE
1182 1554 1345 1591 MARIAE.
1405 1553 1502 1604 (xiX.
1526 1554 1617 1591 Kal.
1641 1553 1764 1605 Sept.)

365 1656 548 1705 Officium.

356 1711 470 1749 Salve
497 1712 630 1747 sancta
657 1721 808 1758 paiens,
829 1707 945 1744 enixa
973 1720 1162 1757 pue-repert
1191 1720 1345 1757 regem·
1333 1737 1346 1755 ,
1386 1708 1454 1757 qui
1483 1707 1620 1745 eaelum
1649 1711 1871 1758 tenamque

276 1765 377 1816 legit
395 1765 437 1801 in
457 1763 597 1801 saeoula
616 1763 855 1800 saeoulorum.

358 1818 550 1856 Psalmus.

357 1873 453 1918 Quae
483 1870 669 1921 gaudium
694 1869 831 1906 matris
854 1869 1001 1906 habens
1032 1882 1119 1905 611111
1149 1869 1388 1918 virginitatis
1417 1869 1574 1916 honore,
1605 1882 1675 1906 1166
1705 1869 1872 1919 primam

277 1927 443 1965 similem
462 1926 546 1962 visa
565 1937 605 1961 63
623 1937 694 1961 1166
713 1924 855 1959 habere
875 1927 1111 1972 sequentem.

366 1980 509 2019 Oratio.

357 2035 477 2079 Deus,
509 2032 578 2082 qui
601 2030 833 2081 virginalem
862 2030 992 2067 aulam
1022 2031 1144 2067 beatae
1175 2030 1312 2067 Mmiae
1338 2031 1380 2066 in
1408 2043 1485 2080 qua
1510 2031 1706 2067 habitares
1731 2031 1871 2080 eligere

276 2090 459 2140 dignatus
478 2100 540 2133 es;
569 2086 629 2132 da,
650 2098 882 2134 quaesumus,
904 2089 950 2121 ut
970 2097 1039 2121 sua
1058 2097 1128 2120 nos
1148 2084 1370 2121 defensione
1389 2084 1561 2121 munitos
1584 2085 1774 2134 jocundos
1793 2098 1871 2122 31116

276 2144 394 2181 faci-it
413 2142 599 2178 interesse
617 2139 774 2176 festivit
769 2138 833 2175 111.
893 2138 972 2183 Qui
989 2138 1100 2174 vivis.

357 2195 521 2233 “isemor'
509 2207 547 2231 ια
566 2194 609 2231 cle
628 2199 757 2230 sancto
776 2193 952 2238 Eusebzo,
974 2191 1160 2241 cooffessoo
1161 2205 1188 2229 e.
1253 2192 1393 2230 Oratio.

357 2251 478 2295 Deus,
499 2248 567 2298 qui
585 2260 655 2284 nos
673 2247 778 2284 beati
798 2246 959 2283 Eusebii
983 2246 1207 2283 confessoris
1237 2246 1296 2282 1111
1327 2259 1457 2283 annua
1487 2246 1747 2283 sollemnitate
1774 2246 1871 2283 laeti-

275 2305 378 2351 ficas,
399 2303 562 2341 concede
580 2301 774 2350 propitius
792 2304 839 2337 ut
858 2300 967 2349 cujus
985 2299 1167 2337 natalitia
1187 2299 1359 2346 colimus,
1379 2313 1448 2349 per
1467 2300 1550 2349 ejus
1569 2300 1618 2336 acl
1638 2304 1677 2337 te
1695 2300 1871 2350 exempla

277 2373 323 2410 g),
324 2359 510 2396 adiamur.
569 2355 653 2392 Pe1.

357 2410 548 2448 Memoria
566 2410 612 2446 de
631 2407 772 2446 Sancto
791 2407 903 2444 Lam
905 2408 1015 2445 entio.

356 2464 543 2514 Epistola.
601 2463 726 2499 Lectio
746 2461 836 2499 libo-i
854 2461 1062 2511 δἀλυῖῌθηίεα
1081 2460 1244 2511 (Ε66Ζ1ι8
1261 2461 1360 2497 aeaez‘v.
1387 2461 1536 2510 14-16).

357 2520 424 2556 Ab
444 2517 558 2554 initio
577 2529 696 2564 usque
715 2517 768 2553 ad
787 2516 962 2553 detentio
982 2528 1075 2552 mea.

358 2571 534 2610 Gmdcde.

357 2625 569 2663 Benedicta
600 2627 641 2660 et
668 2623 901 2660 venerabilis
930 2636 981 2670 es,
1014 2622 1123 2672 virgo
1157 2622 1297 2669 Maria,
1329 2634 1415 2671 quae
1448 2622 1531 2658 sine
1563 2625 1672 2658 tactu
1709 2622 1869 2671 pudoris

277 2682 439 2718 inventa
459 2692 498 2715 63
517 2681 641 2714 mater
660 2677 874 2714 salvatoris.

286 2736 322 2773 V.
358 2734 483 2782 Virgo
510 2731 587 2769 Dei
612 2731 794 2780 genitrix,
824 2744 939 2780 quem
965 2734 1071 2767 totus
1095 2743 1175 2767 non
1200 2733 1317 2779 caput
1343 2729 1457 2776 orbis,
1487 2729 1529 2766 in
1560 2733 1629 2766 tua
1659 2742 1699 2766 36
1729 2729 1869 2766 clausit

276 2790 425 2826 viscera
443 2787 569 2823 sactus
589 2785 715 2822 homo.

358 2841 404 2880 Si
427 2841 472 2878 in
496 2839 706 2876 Dominicct
732 2839 905 2886 evenerit,
935 2838 1130 2888 Alleluya.
1196 2837 1232 2875 V.
1265 2837 1342 2874 Per
1360 2840 1411 2883 te,
1442 2836 1517 2873 Dei
1544 2836 1728 2886 genitrix,
1757 2837 1868 2874 nobis

278 2900 337 2935 est
361 2896 446 2932 vita
473 2893 627 2943 perdita
649 2892 751 2940 data,
774 2906 859 2942 quae
885 2893 933 2930 de
957 2893 1049 2930 eaelo
1073 2891 1276 2942 suscepisti
1295 2890 1455 2941 prolem,
1476 2895 1514 2928 et
1534 2891 1679 2928 mundo
1698 2890 1868 2941 genuisti

278 2951 522 2990 salvatorem.
