1979 3348
1641 206 1659 244 ψ(

1665 206 1688 244 55¹,

434 202 497 243 In
517 202 638 244 Festo
659 202 804 244 unius
831 202 1038 257 Virgyinis
1057 207 1095 245 et
1115 202 1169 243 M
1167 203 1346 257 artyris.
1609 206 1647 244 1:

181 313 305 351 Lectio
327 313 416 350 libri
433 313 641 362 Sapientiae
660 313 829 363 (Ecclus.
854 314 891 350 Ζί.
917 312 1041 363 9-12)
1070 350 1071 353 ,

182 367 350 404 Domine
388 367 495 403 Deus
533 380 652 413 meus,
689 367 873 404 exaltasti
910 380 1025 416 super
1063 370 1207 403 terrani
1244 366 1528 404 habitationem
1566 379 1692 404 meam

101 434 220 469 ‘usque
239 421 292 457 acl
312 424 352 456 et
371 420 526 457 laudem
546 421 671 456 dicam
691 422 842 458 nomini
861 428 941 468 tuo,
965 421 1134 457 Domine
1154 421 1263 457 Deus
1282 434 1400 457 meus.

180 482 248 518 Ad
267 481 486 519 Corinthios
508 481 547 532 (2
567 496 601 519 w.
628 483 687 528 17,
713 483 790 532 18).

177 527 361 572 Fratres:
410 536 489 580 Qui
524 536 726 585 gloriatur,
764 537 806 572 111
850 537 1021 573 Domino
1058 536 1248 585 glorietur
1284 550 1403 584 usque
1449 537 1502 573 ad
1548 539 1692 573 castam

100 590 282 626 exhibere
304 589 469 626 Christo.

179 642 305 679 Lectio
325 643 414 680 libri
432 643 641 692 Sapientice
660 643 763 693 (viii.
790 643 888 693 1-4).

179 696 380 746 Sapientia
398 697 522 733 vincit
543 697 731 733 malitiam
752 711 871 745 usque
890 697 943 733 cccl
962 697 1124 733 electrix
1144 710 1304 746 operum
1324 697 1440 734 illius.

179 759 304 795 Lectio
324 758 413 796 libri
432 758 640 807 Sapientiae
658 758 828 807 (Ecclus.
852 759 976 795 oeaexiv.
1004 759 1077 804 1-3,
1102 759 1162 805 13,
1187 759 1274 807 16).

181 812 383 861 Sapientia
402 813 577 849 laudabit]
596 812 767 849 animam
786 826 896 849 suam
915 826 1034 861 usque
1053 812 1108 849 ad
1125 813 1284 849 honoris
1304 817 1343 849 et
1361 813 1508 862 gratiae.

183 866 360 902 Gradale.

182 920 336 957 Diffusa
365 924 424 956 cst
451 920 579 969 gratia
610 919 652 955 in
685 919 800 956 labiis
833 920 937 957 tuis:
976 923 1181 969 propterea
1210 920 1414 957 benedixit
1444 925 1484 956 te
1516 920 1623 957 Deus
1653 919 1696 957 in

101 977 301 1010 aeternum.

109 1027 145 1063 V.
182 1027 348 1075 Propter
379 1026 586 1063 veritatem
618 1028 657 1063 et
689 1028 1031 1064 mansuetudinem
1062 1031 1102 1064 et
1128 1028 1353 1076 justitiam:
1391 1032 1431 1064 et
1461 1028 1626 1064 deducet
1655 1031 1699 1064 te*

100 1080 333 1117 mirabiliter
351 1081 512 1117 dextera
529 1084 608 1117 tua.

183 1133 359 1171 Graclale.

182 1188 316 1237 Specie
335 1191 404 1224 tua
423 1192 462 1224 et
481 1188 746 1237 pulcritudine
765 1193 856 1225 tua:
885 1189 1046 1226 intende
1065 1202 1259 1239 prospere,
1280 1189 1443 1239 procede
1463 1194 1502 1226 et
1522 1201 1650 1238 regna.

110 1242 142 1278 V
140 1254 152 1278 .“
185 1241 353 1291 Propter
372 1242 591 1289 veritatem,
612 1249 656 1279 uc
675 1256 805 1291 supra.

184 1303 362 1340 Gradale.
1684 1329 1686 1334 .

182 1357 348 1406 Propter
376 1357 585 1394 veritatem
616 1361 655 1394 et
685 1358 1026 1395 mansuetudinem
1057 1362 1097 1395 et
1123 1358 1349 1407 justitiam:
1390 1362 1429 1396 et
1460 1359 1625 1395 deducet
1654 1361 1699 1395 te

101 1412 334 1449 mirabiliter
353 1411 513 1448 dextera
533 1416 612 1448 tua.

110 1466 148 1502 V.
184 1465 306 1510 Audi,
343 1465 433 1511 filia,
468 1470 507 1501 et
525 1465 615 1502 vide
649 1470 688 1502 et
720 1466 867 1502 inclina
899 1479 1034 1502 aurem
1067 1469 1200 1502 tuam:
1241 1466 1333 1515 quia
1368 1466 1593 1516 concupivit
1624 1476 1695 1502 rex

102 1519 268 1569 speciem
289 1523 407 1555 tuam.

184 1572 360 1609 Gradale.

182 1627 304 1672 Audi,
336 1625 429 1671 filia,
460 1630 500 1662 et
529 1626 619 1662 vide
656 1630 696 1662 et
732 1626 880 1663 inclina
912 1640 1045 1663 aurem
1078 1631 1214 1663 tuam:
1253 1626 1345 1676 quia
1373 1627 1598 1676 concupivit
1626 1636 1697 1664 rex

103 1681 267 1730 speciem
290 1684 409 1716 tuam.

110 1735 147 1772 V.
185 1734 317 1783 Specie
336 1737 406 1769 tua
425 1737 464 1770 et
482 1733 774 1783 pulchritudine
793 1738 885 1770 tua:
908 1734 1078 1781 intende,
1100 1747 1279 1784 prospere
1298 1735 1460 1784 procede
1480 1739 1519 1771 et
1538 1747 1667 1784 regna.

185 1787 362 1825 Graclale.
546 1830 549 1834 .

183 1841 408 1890 Adjuvabit
437 1854 532 1888 eam,
561 1841 681 1888 Deus,
707 1841 823 1877 vultu
842 1840 922 1878 'suo
936 1855 947 1888 3
981 1843 1088 1878 Deus
1120 1842 1164 1878 in
1193 1842 1320 1879 medio
1351 1844 1458 1892 ejus:
1492 1856 1572 1879 non
1600 1853 1699 1879 com*-

104 1896 337 1932 movebitur.

111 1950 149 1987 V.
166 1952 168 1954 ’
186 1949 381 1986 Fluminis
400 1949 570 1998 impetus
588 1949 764 1986 laetificat
783 1949 982 1986 civitatem
1002 1950 1079 1986 Dei
1096 1964 1102 1986 :
1126 1950 1384 1987 sanctificavit-
1403 1949 1698 1987 tabernaculum

104 2013 225 2040 suum·
237 2003 477 2040 Altissimus.

186 2064 362 2102 Graclale.
421 2064 611 2101 Dilexisti
625 2065 845 2113 justitiam:
876 2069 916 2101 et
935 2065 1052 2101 odisti
1071 2065 1331 2114 iniquitatem.

113 2119 150 2155 V.
188 2118 401 2167 Propterea
419 2119 538 2154 unxit
556 2122 596 2154 te
617 2119 747 2155 Deus:
779 2119 887 2155 Deus
906 2123 999 2155 tuus
1019 2119 1102 2155 oleo
1122 2120 1280 2168 laetitiae.

185 2172 382 2221 Alleluya.
448 2171 486 2209 V.
524 2172 680 2208 Diffusa
699 2175 761 2209 est
775 2173 911 2221 giatia
920 2173 963 2209 in
972 2173 1111 2231 labiis
1133 2173 1235 2210 tuis:
1258 2160 1469 2223 propterea
1497 2172 1702 2210 benedixit

106 2230 144 2262 te
166 2226 302 2262 Deus
292 2239 334 2261 in
354 2223 562 2263 aeteinum.
607 2229 610 2232 ’
901 2239 904 2243 ·

186 2279 380 2328 Alleluya.
448 2279 486 2316 V
528 2280 663 2329 Specie
692 2284 762 2316 tua
791 2284 831 2317 et
860 2280 1153 2330 pulchritudine
1183 2284 1276 2317 tua:
1316 2280 1487 2327 intende,
1520 2293 1704 2330 prospere·

105 2334 266 2383 procede
286 2337 325 2370 et
343 2346 471 2383 legna.
499 2361 502 2364 Α

184 2387 381 2435 Alleluya.
449 2387 485 2424 V.
517 2387 701 2423 AEmulor
721 2387 824 2424 enim
843 2401 868 2423 v
872 2401 912 2424 os
932 2388 1009 2425 Dei
1028 2373 1299 2426 aemulatione:
1328 2378 1516 2438 despondi
1534 2401 1602 2425 vos
1630 2385 1702 2424 uni

107 2441 202 2488 viro,
225 2441 416 2490 virginem
437 2445 583 2477 castam
596 2441 787 2478 exhibere
808 2441 975 2479 Chiisto.

185 2495 381 2544 Alleluya.
449 2495 485 2532 V.
517 2494 623 2531 Veni
642 2495 763 2532 electa
778 2509 873 2542 mea,
890 2500 929 2533 et
948 2509 1090 2545 ponam
1109 2500 1149 2533 te
1168 2496 1209 2532 in
1228 2496 1295 2533 thr
1297 2510 1416 2534 onum
1435 2510 1589 2534 meum:
1609 2495 1701 2546 quia

107 2549 329 2597 concupivit
348 2562 416 2585 1οΧ
439 2548 604 2597 speciem
624 2553 744 2586 tuam.
768 2584 772 2588 .

187 2610 402 2659 Sequentia.
461 2610 727 2658 ΕΧ5111ΐο111115,
747 2617 792 2648 ut
811 2611 856 2648 in
877 2599 1095 2649 Communi.

187 2675 234 2712 Si
251 2674 362 2724 infra
380 2675 709 2724 Septuaqeszmam
727 2676 897 2713 evenerit
959 2676 1131 2714 Tractus.

191 2729 270 2773 Qui
288 2729 482 2766 seminant
501 2730 543 2766 in
562 2730 730 2766 lacrimis
748 2744 754 2766 :
781 2730 823 2766 in
842 2731 984 2780 gaudio
1003 2735 1163 2768 metent.

118 2782 155 2818 Γ
192 2782 341 2819 Euntes
360 2783 472 2819 ibant
490 2788 530 2820 et
549 2784 718 2821 flebant.
739 2784 940 2821 mittentes
964 2785 1112 2821 semina
1137 2798 1215 2822 sua.

117 2835 154 2872 V.
188 2834 398 2873 Venientes
418 2840 548 2873 autem
568 2838 728 2874 venient
743 2851 830 2874 cum
846 2838 1131 2875 exsultatione.
1150 2842 1351 2888 portantes
1365 2839 1585 2888 manipulos
1600 2850 1696 2876 suos

190 2887 394 2937 Sequentia
412 2891 536 2927 sancti
553 2891 768 2939 Evanyelii.
827 2892 1048 2929 Secundum
1066 2893 1297 2930 stlatchoeum
1316 2894 1424 2941 (xxv
1452 2894 1489 2930 1-
1496 2893 1541 2929 13
1547 2893 1576 2942 )

191 2942 242 2978 In
260 2943 328 2979 illo
347 2948 531 2993 tempme,
553 2944 670 2982 Dixit
689 2945 717 2982 J
720 2958 806 2982 esus
821 2945 1021 2996 discipulis
1049 2947 1128 2983 suis
1157 2947 1381 2996 parabolam
1410 2947 1510 2984 hano
1525 2960 1535 2994 3
1564 2945 1703 2983 Simile
