1979 3348
279 256 362 296 158
584 254 646 294 In
670 253 1091 295 Commemoratione
1111 253 1285 295 Scmctoe
1308 253 1561 297 Trinitatis.

278 369 437 402 tuarum
469 364 519 401 X.
555 369 593 401 ct
625 364 673 401 N.
702 365 915 401 festivitate
948 364 1172 414 gaudemus,
1202 365 1259 401 ita
1289 365 1361 414 piae
1390 366 1610 403 devotionis
1639 365 1864 402 erudiamur

277 419 432 459 affeetu.
492 418 569 455 Pcr
588 419 814 454 Dominum.

361 478 547 526 Epistola.
606 478 666 513 Dc
686 477 916 525 virginibus.

365 537 541 573 G)'‹(‹l‹llf'.
601 536 800 572 Dilexisti.

363 591 559 639 Alleluya.
629 590 664 626 V.
697 590 959 625 Adduo-entur
991 590 1072 639 regi
1101 590 1271 639 virgines
1301 594 1389 640 post
1416 603 1525 628 eam:
1563 592 1752 641 proximae
1780 592 1865 641 ejus

279 645 497 684 afferentur
516 644 589 680 tibi
610 644 651 679 in
672 643 819 679 laetitia.

362 703 580 751 Sequentia.
640 703 785 739 Mundi
805 706 931 749 aetate,
954 708 997 738 ut
1018 703 1061 738 in
1084 701 1303 740 Communi.

364 757 631 804 lsi-(znqelium.
691 756 826 793 Simile
846 760 904 792 est
923 769 1086 805 regnum
1106 757 1287 793 caelorum
1307 757 1437 794 decem
1457 757 1686 807 virginibus,

368 811 621 858 Qffcrtorizcm.
682 810 919 857 Offerentur,
939 810 1081 847 minus.

364 867 523 902 Secreta.

365 919 522 967 Accipe,
545 918 725 963 Domine,
746 931 921 963 munera,
942 931 1027 967 quae
1056 918 1098 954 in
1126 919 1326 954 beatarum
1358 918 1557 968 virginum
1578 923 1738 955 tua-rum
1757 918 1807 955 N.
1830 923 1870 955 et

285 972 338 1012 N.
362 973 624 1009 sollemnitate
652 972 872 1018 deferimus,
896 985 1063 1021 quarum
1091 985 1161 1009 nos
1192 972 1422 1009 confidimus
1451 973 1669 1022 patrocinio
1697 972 1867 1009 liberari.

285 1026 364 1065 Per
384 1027 610 1063 Dominum.

369 1088 604 1126 Communia
666 1087 849 1136 Quinque
868 1087 1091 1136 prudentes.

369 1149 691 1186 J>0st<20mmnnio.

368 1204 566 1252 Percepta,
590 1203 771 1248 Domine,
793 1208 1034 1239 sacramenta
1057 1203 1258 1239 vivificent
1277 1216 1347 1239 nos
1367 1216 1518 1252 semper
1537 1208 1577 1240 et
1595 1204 1779 1241 muniant
1798 1218 1805 1240 ι
1833 1208 1873 1240 et

286 1262 509 1296 sanctarum
543 1257 761 1306 deprecatio
794 1257 994 1306 virginum
1031 1261 1101 1293 tua
1137 1257 1250 1293 nobis
1283 1258 1501 1294 accumulet
1529 1258 1725 1296 benefic-ia.
1798 1258 1875 1294 Per

287 1312 514 1351 Dominum.

611 1432 662 1469 IN
692 1432 1077 1469 COMMEMORATIONE
1107 1432 1276 1469 SANCTAE
1305 1432 1549 1470 TRINITATIS.

373 1532 558 1580 Officium.
617 1530 832 1567 Benedicta
851 1530 903 1567 sit
923 1530 1067 1566 Sancta
1085 1530 1268 1567 Trinitas.

370 1586 424 1623 In
445 1592 605 1634 tempore
625 1585 821 1631 Paselmli,
847 1584 1047 1632 Alleluya,
1069 1585 1249 1633 alleluya.

375 1640 519 1677 Oratio.
580 1638 839 1687 Omnipotens
860 1638 1097 1687 sempiterne
1117 1638 1237 1685 Deus,
1259 1638 1327 1687 qui
1346 1638 1490 1675 dedisti
1508 1638 1629 1675 nobis.

371 1702 436 1738 Ad
457 1702 651 1737 Romanos
675 1700 747 1749 (osi.
774 1700 924 1750 33-36).

374 1756 408 1793 Ο
429 1755 598 1792 altitudo
620 1755 849 1791 divitiarum
869 1754 1070 1803 sapientiae
1091 1758 1129 1791 et
1149 1753 1322 1791 scientiae
1342 1754 1419 1790 Dei
1437 1767 1556 1802 usque
1575 1753 1630 1790 ad
1656 1753 1739 1803 Ipsi
1763 1752 1888 1802 gloria

291 1812 335 1849 in
354 1810 494 1847 saecula
515 1808 756 1845 saeculorum.
815 1810 958 1844 Amen.

374 1864 440 1900 Ad
462 1863 682 1900 Corinthios
701 1862 748 1911 (12
768 1862 852 1898 xiii.
878 1861 965 1909 13).

373 1918 554 1954 Fratres:
598 1917 736 1953 Gratia
767 1916 930 1952 Domini
968 1915 1093 1951 nostri
1130 1915 1228 1952 Jesu
1267 1915 1428 1961 Christi,
1466 1919 1506 1952 et
1543 1915 1684 1951 caritas
1722 1915 1811 1960 Dei,
1851 1918 1891 1951 et

294 1971 594 2010 communicatio
626 1970 762 2007 Sancti
782 1970 951 2018 Spiritus
971 1969 1023 2006 sit
1042 1983 1194 2019 semper
1212 1983 1300 2006 cum
1321 1970 1500 2006 omnibus
1519 1969 1640 2016 nobis,
1664 1969 1715 2005 In
1736 1968 1891 2005 Christo

293 2027 322 2064 J
325 2040 392 2064 esu
414 2025 584 2061 Domino
604 2029 748 2060 nostro.

378 2079 555 2116 Graslctle.
616 2078 853 2114 Benedictus
873 2090 924 2123 es,
947 2077 1126 2114 Domine.

305 2134 344 2173 V.
382 2133 617 2170 Benedicite.

377 2187 576 2235 Alleluya.
644 2186 680 2223 V.
713 2185 951 2222 Benedictus
974 2198 1024 2232 es,
1047 2185 1217 2222 Domine
1236 2185 1356 2222 Deus.

377 2241 594 2290 Sequentia.
654 2239 900 2276 Trinitatem.

378 2295 601 2333 Secwzdwn
620 2293 654 2329 J
652 2294 840 2330 ohannem
859 2293 938 2342 (mv.
964 2293 1142 2330 26—xvi.
1167 2293 1225 2339 4).

377 2349 429 2386 In
449 2349 516 2385 illo
536 2353 720 2396 tempore,
744 2348 861 2383 Dixit
879 2347 907 2384 J
910 2360 995 2384 esus
1015 2347 1216 2396 discipulis
1249 2347 1328 2384 suis
1344 2361 1354 2394 3
1385 2346 1484 2383 Cum
1505 2346 1654 2383 venerit
1674 2345 1892 2382 Paraclitus

299 2417 418 2453 ‘nsque
438 2404 491 2439 act
510 2401 825 2447 reminiscamini,
848 2401 940 2450 quia
960 2414 1028 2450 ego
1048 2402 1132 2437 dixi
1152 2402 1271 2438 vobis.

383 2457 639 2505 Offertorinm.
698 2454 933 2492 Benedictus
952 2455 1005 2491 sit
1024 2455 1142 2491 Deus.

379 2511 538 2548 Secreta.
598 2509 811 2556 Sanctifica,
834 2522 1066 2558 quaesumus,
1090 2509 1259 2546 Domine
1278 2509 1397 2546 Deus.

381 2563 580 2612 Prcefatt‘o.
641 2563 719 2608 Qui
739 2576 825 2599 cum
848 2563 1077 2611 Unigenito.

383 2617 624 2655 Oofnrnnnt'o.
686 2617 961 2653 Benedicimus
981 2617 1122 2654 Deum.

382 2671 702 2708 Postcommum’o.
772 2671 957 2707 Proficiat
992 2671 1113 2718 nobis,
1154 2670 1335 2717 Domine,
1375 2683 1500 2718 qnaere
1537 2669 1668 2706 omnim
1704 2669 1749 2706 in
1785 2669 1895 2706 Festo

303 2724 454 2764 Sanctae
476 2725 692 2762 Trinitatis.

638 2845 688 2881 IN
719 2844 1101 2881 COMMEMORATIONE
1129 2855 1182 2880 DE
1211 2844 1369 2881 SANCTO
1398 2842 1576 2880 SPIRITU.

388 2899 574 2948 Officium.

387 2954 557 3003 Spiritus
592 2952 753 2989 Domini
785 2952 952 3001 replevit
984 2952 1113 2989 orbem
1153 2956 1357 2997 terrarum,
1390 2950 1582 2999 alleluya:
1621 2954 1661 2986 et
1690 2950 1762 2987 hoc
1794 2948 1898 3000 quod

305 3008 481 3046 continet
501 3007 633 3044 omnia
651 3006 852 3043 scientiam
872 3007 990 3043 habet
1007 3006 1124 3054 vocis,
1144 3005 1323 3055 alleluya,
1345 3005 1523 3054 alleluya,
1546 3004 1724 3054 alleluya.
