1979 3348
855 190 1015 232 Prosoe.
1650 186 1732 231 307

258 304 416 353 Angeli,
437 303 686 352 Archangeli,
708 315 776 339 vos
795 302 904 338 decet
922 301 1006 337 laus
1024 304 1142 349 atque
1161 298 1293 336 honor.

260 358 426 395 Ordines
445 357 588 394 noveni
607 357 817 405 spirituum
836 356 1048 400 beatorum,

259 411 394 456 Quos
384 424 426 447 m
446 411 522 447 Dei
541 411 719 447 laudibus
739 410 786 445 fir
788 409 912 445 mavit
931 421 994 445 cai
997 408 1082 453 itas,

257 465 342 502 Nos
360 464 515 514 fragiles
534 464 709 500 homines
728 464 879 499 fiimate
899 461 1098 511 precibus:

257 519 342 555 Nos
362 518 556 568 spiritales
575 518 788 567 pravitates
808 521 936 552 vestio
950 514 1156 565 juvamine
1174 513 1375 550 vincentes
1393 511 1550 548 fortiter

255 571 375 608 Nunc
394 577 434 608 et
453 572 495 608 in
515 584 642 608 aevum
660 570 800 607 vestris
819 570 940 606 simus
959 569 1068 618 digni
1086 567 1297 604 sollemniis
1311 567 1496 603 interesse
1515 564 1644 602 sacris

257 625 340 662 Vos
360 638 456 674 quos
476 626 551 661 Dei
570 624 696 674 gratia
714 624 869 660 vincere
888 628 1015 659 teirea

258 679 313 715 Et
331 679 477 728 angelis
496 679 617 715 socios
636 678 727 714 fecit
748 690 826 713 esse
846 677 943 726 polo.

257 733 341 769 Vos
360 732 600 793 patriarchae,
621 731 830 780 prophetae,
851 729 1028 779 apostoli,
1050 728 1295 774 confessmes,
1322 732 1523 777 martyres,
1544 726 1736 773 monachi,

364 786 535 835 virgines

258 839 312 876 Et
329 840 537 876 viduarum
558 842 712 875 caterva
731 837 940 886 omniaque
960 836 1128 873 caelestia
1146 836 1320 880 numina,
1342 839 1538 872 consortes
1556 834 1685 871 caelica

257 893 420 930 Facite
409 906 452 929 1n
471 893 561 929 aula
579 905 659 939 nos,
682 896 728 928 ut
748 891 970 940 peiennitel

258 946 416 993 Foveat,
439 950 630 996 protegat,
645 945 775 995 jubila
794 958 882 982 cum
901 944 1043 994 quibus
1055 956 1271 993 pangamus
1286 942 1400 980 modo
1419 946 1458 979 et
1478 955 1547 992 per
1566 945 1740 991 tempora

365 1004 515 1038 cuncta.

879 1090 1018 1127 LXII.

442 1173 566 1209 Prosa
585 1172 637 1208 ad
656 1171 864 1220 Sequentia
886 1171 1049 1208 Tractus
1069 1170 1256 1208 Consona.

442 1234 635 1283 Alleluya.

364 1300 554 1337 CONSONA
583 1310 767 1336 CATERVA
787 1310 1024 1336 PLAUDENTE
1043 1299 1140 1335 sacri
1159 1303 1368 1335 concentus
1387 1306 1567 1342 camaena,

365 1354 539 1390 Medulis
559 1353 739 1390 dulcibus
758 1358 896 1403 arguta
915 1353 1020 1389 vocis
1039 1365 1184 1402 organa
1203 1352 1413 1398 declarans,

364 1407 665 1457 Praepollentem
685 1420 814 1456 regem
834 1407 982 1456 inclyta
1000 1407 1113 1443 laude
1128 1406 1265 1443 saluta.

363 1461 600 1509 Hymnifera
619 1474 712 1497 voce
732 1461 926 1510 inquiens,
949 1460 1075 1506 Salve,
1091 1461 1274 1509 majestas

363 1514 539 1560 Excelsa,
562 1515 631 1563 qui
650 1518 778 1551 creata
798 1515 929 1551 omnia
942 1527 1011 1563 per
1030 1514 1184 1550 diutina
1203 1514 1303 1563 regis
1322 1513 1442 1550 saecla.

363 1567 526 1604 Maneat
544 1568 747 1605 benedicta
765 1581 809 1604 ac
823 1581 973 1617 semper
991 1567 1199 1604 ineffabilis
1218 1568 1346 1604 virtus
1364 1571 1442 1603 tua.

363 1621 418 1658 Et
437 1621 577 1658 leniter
595 1622 770 1658 lambens
789 1622 879 1658 fidei
897 1622 1063 1671 vestigia
1082 1626 1243 1668 sacrata,

362 1675 630 1712 Lacrimarum
649 1676 746 1712 fusis
765 1676 943 1724 precibus
958 1675 1202 1712 clementiam
1221 1688 1348 1713 exora.

366 1729 453 1775 Quo
473 1730 638 1766 crimina
656 1730 853 1779 abstergat
872 1729 1039 1766 clemens
1058 1733 1137 1765 tua.

862 1857 1024 1895 LXIII.

500 1929 625 1966 Prosa
644 1931 696 1966 ad
715 1928 920 1978 Sequentia
940 1929 1078 1967 Bucca.

495 1989 688 2040 Alleluya.

412 2043 479 2082 AD
506 2056 556 2081 ΤΕ
584 2056 770 2082 PULCHRA
797 2056 985 2082 CYMBALA
1011 2045 1244 2094 hymnisona

413 2097 585 2134 Tinnula
603 2112 691 2135 cum
710 2098 834 2146 gloria

410 2150 605 2198 Ecclesiae,
626 2152 659 2189 O
681 2151 836 2189 Christe
855 2151 1040 2199 Trinitas,

409 2204 627 2242 Dulcibiles
647 2205 701 2242 sic
719 2219 831 2243 voces
851 2206 1046 2243 emittant.

409 2258 559 2296 Nostra
578 2259 842 2296 modulamina
860 2260 1038 2309 placeant
1058 2264 1215 2310 accepta

410 2311 512 2358 Tibi,
530 2325 600 2349 rex
619 2313 693 2362 pie,
714 2317 899 2362 tympana
917 2327 1032 2363 quem
1051 2314 1215 2351 laudant
1234 2328 1409 2364 superna,

409 2365 513 2403 Cum
532 2366 729 2403 Cherubin
751 2367 1029 2416 Seraphimque
1048 2368 1189 2417 gaudia
1207 2381 1347 2405 canora
1362 2382 1372 2415 3

407 2418 464 2457 Et
481 2419 581 2457 dona
600 2433 670 2457 nos
689 2420 889 2469 modulare
908 2422 1037 2458 caelica
1055 2422 1097 2458 in
1116 2421 1206 2459 aula
1224 2421 1353 2459 Amen
1372 2436 1441 2473 per
1459 2422 1580 2461 saeola„

805 2533 807 2535 ’
862 2544 1016 2581 LXIV.

548 2595 674 2633 Prosa
692 2597 746 2634 ad
761 2597 969 2647 Sequentia
987 2598 1110 2648 Vaga.

545 2657 744 2707 Alleluya.

461 2710 594 2748 AULAE
621 2723 713 2749 01113
715 2724 750 2749 AE
777 2723 857 2750 Lux
884 2724 1035 2759 sumta,

462 2764 670 2802 Celebrant
689 2779 855 2815 superna
872 2767 1032 2816 pulchre
1050 2780 1167 2816 quam
1185 2768 1352 2818 agmina,

461 2817 604 2855 Omnia
621 2819 814 2856 resultant
832 2821 937 2857 orbis
955 2825 994 2857 et
1013 2821 1198 2858 climata:

460 2871 579 2909 Sacra
596 2877 689 2910 vota
707 2886 793 2922 quae
812 2873 936 2911 defert
954 2878 1024 2911 tua
1041 2879 1194 2912 caterva
1214 2875 1362 2926 inclyta

463 2924 598 2964 Gloria
616 2939 686 2976 pro
704 2931 774 2964 tua
792 2940 884 2966 aure
903 2928 1062 2966 intende
1084 2928 1244 2979 placida.
