1979 3348
308 744 364 781 De,
383 741 631 792 evanqelistis.

743 263 988 320 Soquentiae
1023 262 1299 305 Communes.

684 376 778 414 Non
798 379 857 412 est
877 375 1014 411 domus
1034 373 1190 409 ruitura

690 430 779 467 Hac
799 428 969 465 subnixa
989 427 1241 477 quadratura,

740 483 839 520 Haec
859 486 917 519 est
937 482 1074 518 domus
1094 480 1268 519 Domini.

688 537 912 574 Gloriemur
931 536 973 572 in
993 535 1064 571 hac
1084 534 1200 571 domo

689 592 776 636 Qua
794 590 907 626 beate
927 589 1030 625 vivit
1050 589 1166 624 homo

742 644 828 681 Deo
842 644 1008 693 junctus
1028 642 1191 679 homini.

690 741 908 789 Sequentia.

692 807 721 844 J
725 807 929 853 ocundare,
952 805 1061 856 plebs
1080 804 1218 852 fidelis,

694 862 817 910 Cujus
839 861 958 897 Pater
978 865 1037 897 est
1057 860 1099 896 in
1119 859 1234 906 caelis,

694 915 886 952 Recolens
907 914 1120 951 Ezechielis

750 969 957 1018 Prophetae
977 967 1180 1017 praeconia.

696 1035 769 1071 Est
788 1034 816 1071 J
818 1034 992 1070 ohannes
1012 1033 1124 1069 testis
1143 1032 1219 1081 ipsi

697 1089 844 1125 Dicens
863 1087 906 1123 in
929 1087 1177 1136 Apocalypsi,

696 1143 802 1179 Vere
822 1141 915 1187 vidi,
937 1154 1029 1177 vere
1049 1140 1186 1189 scripsi

750 1196 860 1232 Vera
881 1194 1119 1232 testimonia.

698 1261 808 1297 Ante
828 1260 1018 1296 thronum
1038 1257 1259 1308 majestatis

700 1315 800 1351 Cum
820 1313 1024 1363 spiritibus
1044 1313 1168 1349 beatis

700 1369 900 1414 Quattuor
919 1367 1161 1404 diversitatis

753 1422 931 1459 Adstant
950 1421 1145 1458 animalia.

700 1487 885 1524 Formam
906 1486 1075 1534 primum
1095 1483 1327 1534 aquilinam,

702 1542 756 1578 Et
775 1541 989 1578 Secundum
1010 1539 1219 1584 leoninam,

702 1595 779 1633 Sed
798 1595 1011 1631 humanam
1032 1598 1071 1630 et
1091 1593 1278 1630 bovinam

756 1650 848 1686 Duo
867 1653 1012 1698 gerunt
1031 1648 1117 1684 alia.

702 1715 855 1751 Formae
875 1714 1050 1750 formant
1069 1713 1284 1761 figurarum

704 1769 867 1805 Formas
887 1767 1241 1816 Evangelistamim,

705 1823 858 1868 Quibus
877 1822 1001 1857 imber·
1021 1821 1289 1856 doctrinarum

760 1876 894 1913 Stillut
913 1875 954 1911 in
976 1874 1157 1911 Ecclesia.

706 1941 766 1979 Hi
785 1944 878 1977 sunt
898 1940 1057 1977 Marcus
1078 1943 1117 1976 et
1138 1938 1368 1985 Matthaeus,

706 1995 844 2041 Lucas,
867 1998 907 2031 et
926 2007 1040 2043 quem
1062 1993 1274 2030 Zebedaeus

707 2049 828 2086 Pater
848 2048 958 2085 misit
978 2048 1065 2093 tibi,
1090 2047 1210 2093 Deus,

761 2103 869 2140 Dum
889 2102 1041 2138 laxaret
1061 2101 1170 2138 retia.

707 2167 850 2204 Forma
869 2166 945 2202 viri
965 2166 1062 2202 dant
1081 2163 1287 2211 Matthaeo,

707 2221 812 2266 Quia
830 2219 987 2269 scripsit
1005 2220 1059 2256 sic
1079 2219 1126 2255 de
1147 2219 1243 2264 Deo,

708 2275 819 2313 Sicut
839 2274 1038 2311 descendit
1057 2274 1106 2309 ab
1125 2286 1179 2317 eo,

764 2329 890 2374 Quem
909 2327 1130 2377 plasmavit,
1152 2326 1321 2363 homine.

709 2394 837 2431 Lucas
857 2394 925 2430 bos
944 2398 1004 2429 est
1023 2393 1065 2428 in
1084 2392 1221 2441 figura,

711 2449 840 2493 Quam
859 2446 1072 2497 praetendit
1091 2446 1133 2482 in
1156 2446 1351 2494 scriptura

710 2502 949 2539 Hostiarum
969 2505 1133 2549 tangens
1147 2500 1241 2548 jura

766 2555 881 2605 Legis
901 2555 973 2591 sub
993 2554 1197 2590 velamine.

713 2621 872 2659 Marcus
892 2620 952 2658 leo
971 2633 1041 2669 per
1060 2619 1258 2655 desertum

714 2675 896 2713 Clamans
916 2674 1023 2723 rugit
1043 2673 1085 2709 in
1108 2676 1298 2722 apertum,

713 2729 800 2766 Iter
818 2729 889 2765 fiat
908 2729 993 2765 Deo
1014 2731 1175 2773 certum,

767 2782 966 2820 Mundum
985 2794 1051 2818 cor
1069 2794 1091 2817 a
1110 2779 1285 2817 crimine.

714 2848 790 2885 Sed
809 2848 837 2885 J
841 2848 1012 2885 ohannes
1032 2846 1094 2882 ala
1112 2846 1205 2882 bina

716 2902 903 2939 Caritatis
922 2900 1098 2950 aquilina

715 2956 858 2992 Forma
877 2955 1004 2991 fertur
1022 2954 1064 2990 in
1083 2952 1219 2989 divina

770 3008 929 3045 Puriori
946 3008 1107 3045 lumine.
