1979 3348
850 214 1002 256 Prosoe.
1635 218 1717 260 309

244 326 399 363 Christo
426 339 495 375 per
513 326 624 362 saecla
651 325 821 375 pretiosa
839 324 991 362 cantica
1016 337 1123 361 sacra
1142 337 1234 361 voce
1256 323 1431 373 jubilant
1460 324 1652 363 indefessa
1679 330 1719 363 et

348 379 509 425 excelsa,

242 433 362 469 Alma
380 438 473 469 vota
491 432 744 482 rependentes
763 435 893 469 mente
912 445 1053 468 cernua
1071 445 1114 468 ac
1141 432 1291 476 devota,

244 487 376 523 Olaras
395 486 485 523 odas
504 486 766 535 concrepando
785 499 876 522 voce
896 498 1062 522 consona
1080 485 1300 522 laetabunda
1318 498 1361 521 ac
1380 498 1518 522 sonora,
1535 499 1544 523 t

243 540 389 576 Nostra
410 553 494 589 quae
515 540 613 577 tibia
639 540 779 576 intima
797 543 837 576 et
855 539 1005 576 modica
1023 540 1169 576 musica
1188 542 1320 576 cantat
1348 539 1609 577 modulamina
1632 540 1716 590 jam

346 607 495 630 canora.

240 647 308 683 Illi
329 648 396 696 qui
415 660 564 696 supera,
585 647 708 683 infera
726 659 769 683 ac
789 646 915 682 media
934 659 1073 694 magna
1091 647 1283 695 gubernat
1297 646 1487 695 sapientia
1501 660 1570 684 sua
1584 651 1716 685 sancta

345 701 564 738 veneranda
580 714 588 745 ;

239 754 360 803 Cujus
379 754 583 790 clementia
604 753 715 790 saecla
734 753 906 799 redemit,
930 766 1018 790 cum
1038 757 1160 790 morte
1180 753 1285 790 victa
1303 755 1475 791 surrexit
1496 755 1580 803 jam
1599 755 1715 791 tertia

345 807 406 844 die
430 808 531 844 clara
549 821 558 854 ;

239 861 314 906 Sol,
335 861 438 906 luna,
461 861 598 907 sidera,
620 873 776 908 noxque
796 860 954 908 diesque
973 873 995 897 a
1015 873 1090 909 quo
1109 864 1300 910 reguntur
1315 874 1325 907 ;
1354 861 1418 897 cui
1435 874 1542 899 nunc
1561 866 1601 899 et
1619 862 1718 898 mili-

343 919 431 951 tant
450 915 639 951 elementa
658 915 849 951 universa.

238 968 319 1017 Ipsi
340 968 421 1005 sola
439 968 627 1004 immensa

237 1022 397 1070 Semper
414 1027 531 1070 atque
550 1021 699 1058 excelsa

238 1075 372 1112 Gloria
391 1076 442 1112 sit
457 1080 496 1112 et
514 1075 638 1111 honor
656 1075 816 1124 lausque
837 1078 993 1111 aeterna.

828 1196 1008 1234 LXVII,

631 1278 682 1315 IN
710 1279 905 1315 VIRGINIS
934 1279 1206 1316 Ffis'rivrrATE.

313 1356 436 1393 Prosci
455 1357 508 1393 ad
525 1356 732 1405 Sequentia
751 1356 966 1394 Dulcedine
990 1357 1177 1395 Paradisi.

312 1417 505 1466 Alleluya.

233 1479 378 1516 LAUDE
407 1479 622 1517 CflmsrUM
650 1491 903 1517 MODULEMUR
930 1479 1103 1529 pulchra,

233 1533 311 1577 Qui
331 1540 476 1570 aeterna
495 1534 667 1583 virgines
686 1538 799 1570 ornat
818 1547 966 1571 corona.

231 1586 408 1623 Pretiosa
426 1587 586 1624 caelestis
604 1587 735 1637 gloriae
754 1588 855 1633 aula,

233 1640 317 1677 Ubi
332 1641 502 1689 jocunda
523 1642 682 1690 praemia
700 1655 839 1690 magna
859 1642 929 1678 lux
948 1642 1082 1678 divina
1100 1641 1298 1679 ministrat
1315 1655 1324 1688 ;

233 1694 317 1731 Ubi
337 1707 416 1742 pax
435 1700 579 1740 sancta,
600 1696 739 1732 caritas
758 1700 798 1731 et
818 1696 996 1743 perfecta,
1017 1696 1124 1745 plebs
1144 1701 1184 1733 et
1202 1709 1319 1733 aurea
1337 1700 1499 1742 vernat;

231 1747 316 1784 Ubi
336 1748 417 1784 dies
436 1749 518 1785 sine
536 1754 649 1785 nocte
668 1753 855 1798 perpetua
873 1749 1011 1786 rutilat
1029 1763 1038 1795 ;

231 1801 316 1838 Ubi
335 1801 417 1838 vita
437 1803 582 1851 absque
600 1807 735 1848 morte,
752 1803 942 1851 juventus
961 1803 1043 1839 sine
1065 1804 1196 1840 morbo
1215 1803 1386 1853 pullulat
1410 1816 1571 1841 amoena
1592 1817 1603 1851 ;

230 1853 314 1891 Ubi
334 1856 459 1892 millia
478 1856 704 1905 angelorum
723 1857 879 1906 agmina
897 1857 1096 1893 dulcisona

230 1908 384 1946 Laudes
403 1910 587 1958 jubilant,

231 1962 408 2009 Sanctus,
433 1964 607 2009 Sanctus,
632 1963 796 2000 Sanctus
815 1964 996 2001 alacriter
1014 1964 1223 2001 clamantia
1241 1978 1311 2015 per
1329 1965 1440 2001 saecla
1456 1979 1466 2011 ;

230 2016 316 2053 Ubi
335 2018 470 2065 plateae
490 2031 584 2054 auro
602 2017 710 2053 fulvo
729 2023 950 2063 coruscant;

231 2070 315 2107 Ubi
335 2071 512 2107 miranda
531 2071 672 2107 moenia
690 2071 869 2120 pretiosis
888 2070 1050 2119 gemmis
1069 2076 1235 2121 surgunt
1253 2076 1434 2109 extructa
1452 2086 1461 2118 ;

228 2124 312 2161 Ubi
330 2126 439 2174 virgo
459 2125 516 2173 cuj
525 2138 568 2161 us
587 2125 667 2161 dies
685 2125 766 2161 haec
785 2129 843 2161 est
862 2125 1058 2162 sollemnis
1076 2125 1207 2162 laurea
1225 2125 1348 2176 fulget
1366 2126 1531 2175 gloriosa
1550 2140 1558 2164 :

229 2178 350 2227 Cujus
369 2192 439 2216 nos
458 2179 641 2228 suffragia
659 2178 751 2215 illuc
771 2179 993 2228 perducant.

810 2300 1013 2338 LXVIII.

199 2388 324 2425 Prosa
343 2388 394 2424 ad
413 2387 616 2435 Sequentia
636 2386 786 2423 Scalam
806 2386 854 2423 acl
874 2387 994 2424 caelos.

121 2453 282 2490 SCALAM
312 2464 366 2490 AD
395 2464 523 2489 CAELos
551 2463 784 2489 SUBRECTAM
812 2453 1017 2489 tormentis
1036 2453 1213 2501 cinctam,

125 2507 246 2556 Cujus
265 2507 344 2543 ima
365 2507 478 2543 draco
498 2519 649 2543 servare
669 2511 804 2543 cautus
823 2506 1004 2556 invigilat
1020 2507 1179 2556 jugiter,

123 2561 187 2597 Ne
206 2561 293 2610 quis
313 2561 396 2609 ejus
416 2560 478 2597 vel
499 2560 664 2608 primum
686 2560 847 2608 gradum
867 2561 988 2609 possit
1008 2561 1202 2597 insaucius
1217 2561 1396 2599 scandere
1414 2576 1422 2607 ;

124 2614 246 2663 Cujus
265 2627 444 2651 ascensus
465 2618 639 2650 extracto
659 2613 844 2663 AEthiops
863 2614 991 2662 gladio
1012 2619 1120 2651 vetat
1140 2615 1305 2652 exitium
1327 2617 1511 2653 minitans
1529 2630 1538 2663 3

124 2669 247 2717 Cujus
265 2666 478 2717 supremis*
498 2668 659 2704 innixus
672 2668 831 2716 juvenis
850 2667 1074 2716 splendidus
1092 2682 1244 2705 ramum
1263 2670 1462 2707 aureolum
1478 2671 1640 2709 retinet:

124 2722 238 2758 Hauc
268 2735 357 2770 ergo
391 2721 531 2758 scalam
560 2722 616 2757 ita
650 2721 797 2757 Christi
824 2734 932 2757 amor
963 2721 1117 2759 feminis
1144 2723 1235 2759 fecit-
1264 2724 1450 2773 perviam,
1471 2729 1517 2761 ut
1544 2725 1707 2762 dracone

228 2776 450 2812 conculcato
470 2779 509 2812 et
527 2774 713 2824 AEthopis
732 2774 859 2824 gladio
878 2775 1043 2812 transito

122 2828 199 2866 Per
216 2842 330 2866 omne
358 2842 478 2878 genus
507 2833 790 2865 tormentorum
823 2829 905 2865 caeli
937 2830 1084 2878 apicem
1111 2835 1258 2879 queant
1288 2844 1422 2881 capere
1452 2836 1491 2868 et
1516 2832 1563 2869 de
1590 2845 1709 2870 manu

227 2883 482 2920 confortantis
501 2883 600 2932 regis
619 2894 776 2919 auream
794 2882 965 2919 lauream
983 2896 1142 2922 sumere.

751 2965 766 2981 ³*
788 2966 1068 3005 MS.—supernus.
