1979 3348
254 241 335 281 162
539 239 687 282 Μίδεω
709 239 760 282 de
784 238 1203 282 Commemoratione
1224 239 1353 281 beatae
1373 240 1547 282 Mariae.

333 348 454 399 Infra
494 350 822 400 Septzcaqesimam
860 351 1017 387 dicatur
1063 350 1240 396 Tractus,
1272 350 1410 388 Gaude
1452 351 1593 398 Maria,
1627 356 1661 389 et
1713 356 1835 389 cetera

258 409 300 440 ut
318 403 361 441 in
382 403 746 442 Com-memoratione
767 405 880 441 beatoe
900 404 1044 440 Mariae
1064 403 1108 440 in
1127 404 1351 441 Pentecoste.

336 457 559 495 Secundum
578 459 725 495 Leccam
750 458 834 506 (iii.
859 458 1021 505 33-35).

337 511 389 548 In
409 512 476 548 illo
496 517 680 561 tempore,
704 511 829 547 Erant
856 511 884 548 J
888 511 1006 560 oseph
1035 515 1075 547 et
1103 511 1236 548 Maria
1264 515 1391 548 mater
1418 525 1538 561 usque
1566 513 1619 549 cccl
1639 525 1689 549 ex
1707 511 1843 549 multis

257 564 435 602 cordibus
456 567 719 614 cogitationes.

340 618 593 667 Qffertorz'um.
653 618 767 655 Felix
786 631 954 668 namque
973 631 1023 655 es.

337 673 497 710 Secreta.

337 726 571 763 Muneribus
600 725 755 771 nostris,
786 737 1019 775 quaesumus,
1052 725 1234 771 Domine,
1274 726 1534 776 precibusque
1571 726 1768 776 susceptis,
1806 731 1847 763 et

256 779 472 816 caelestibus
503 792 573 815 nos
606 779 753 816 munda
788 779 994 829 mysteriiS,
1028 783 1067 815 et
1099 779 1363 831 intercedente
1395 781 1508 818 beata
1545 780 1623 818 Dei
1652 781 1847 831 genetrice

257 833 396 879 Maria,
419 833 627 870 clementer
645 833 797 871 exaudi.
857 833 934 870 Per
951 833 1132 872 eundem.

338 886 578 924 Gommunio.

337 941 459 978 Alma
492 941 567 977 Dei
596 941 777 990 genetrix
797 954 976 978 succurre
1000 941 1248 989 precantibus
1276 941 1425 978 cunctis
1447 955 1455 978 :
1486 955 1557 978 nos
1589 954 1743 991 quoque
1770 954 1849 978 una

257 1007 460 1044 precamur
489 995 691 1044 supplices,
714 999 760 1032 ut
786 995 865 1031 tuis
894 994 1073 1044 precibus
1102 995 1231 1044 adjuti
1257 995 1461 1032 laudemus
1491 996 1738 1042 Trinitatem,
1761 995 1850 1033 alle-

258 1048 359 1098 luya.

339 1102 660 1140 Postcommmzz'o.

339 1155 437 1193 Haec
465 1169 534 1192 nos
549 1154 781 1202 commuuio,
805 1154 986 1202 Domine,
1007 1159 1147 1205 purget
1166 1169 1189 1192 a
1208 1155 1379 1204 crimine,
1403 1155 1726 1194 et'intercedente
1739 1157 1854 1193 beata

260 1209 336 1246 Dei
354 1210 548 1260 genetrice
567 1209 708 1256 Maria,
730 1209 892 1246 caelestis
911 1209 1073 1246 remedii
1091 1210 1208 1247 faciat
1227 1223 1307 1247 esse
1322 1215 1526 1249 consortes,
1568 1211 1645 1248 Per
1663 1211 1840 1249 eundem.

652 1346 720 1383 DE
749 1346 921 1383 DOMINA
949 1356 996 1382 IM
1024 1356 1210 1382 TEMPORE
1238 1345 1459 1383 PAsanm.

343 1422 529 1471 Officium.
590 1421 705 1460 Salve
725 1425 859 1459 sancta
878 1434 1027 1472 parens.

345 1476 490 1514 Oratio.

343 1529 475 1567 Prosit
513 1530 626 1567 nobis
664 1543 826 1579 semper,
867 1529 1113 1579 omnipotens
1150 1529 1280 1577 Pater,
1321 1533 1360 1566 et
1404 1529 1596 1579 praecipue
1634 1529 1741 1566 inter
1776 1528 1858 1566 haec

263 1584 467 1622 Paschalia
488 1584 580 1621 Filii
607 1585 667 1621 tui
696 1584 900 1621 sollemnia
922 1584 1151 1621 continuata
1171 1584 1247 1620 Dei
1265 1584 1472 1633 genetricis
1492 1583 1629 1620 Mariae
1660 1582 1857 1629 memoria,

263 1652 350 1688 quae
370 1643 409 1675 et
441 1638 572 1676 astitit
590 1638 798 1675 vulnerata
830 1638 992 1674 caritate
1022 1638 1064 1674 in
1094 1651 1205 1674 cruce
1235 1638 1434 1687 pendenti,
1465 1642 1503 1674 et
1531 1642 1634 1674 astat
1661 1651 1684 1674 a
1709 1636 1858 1674 dextris

263 1693 397 1742 regina
412 1692 454 1728 in
474 1692 564 1729 caelo
584 1691 776 1741 regnanti.
836 1691 913 1728 Per
932 1691 1109 1728 eundem.

343 1746 471 1784 Lectio
490 1746 694 1783 Ezechielis
713 1745 911 1794 Proplzetce
933 1745 1045 1794 (mliv.
1072 1744 1172 1795 1-3).

346 1800 398 1838 In
418 1800 554 1837 diebus
573 1799 675 1848 illus,
698 1799 886 1837 Converti
905 1812 966 1836 me
994 1799 1043 1835 ad.
1071 1799 1177 1835 viam
1204 1803 1326 1848 portae
1354 1812 1473 1848 usque
1493 1800 1546 1836 ad
1564 1812 1634 1848 per
1651 1798 1757 1835 viam
1777 1798 1860 1848 ejus

265 1854 495 1905 egredietur.

346 1907 543 1957 Alleluya.
609 1906 646 1944 V.
679 1907 804 1957 Virga
823 1907 851 1944 J
853 1920 933 1943 esse
961 1906 1104 1953 floruit,
1126 1906 1235 1956 virgo
1267 1906 1397 1943 Deum
1417 1910 1457 1943 et
1484 1907 1680 1943 hominem
1700 1905 1860 1956 genuit:

266 1975 401 2012 pacem
422 1962 529 1998 Deus
549 1961 732 2007 reddidit,
753 1962 795 1997 in
816 1974 855 1997 se
875 1961 1127 1997 reconcilians
1146 1960 1226 1996 ima
1245 1961 1417 1997 summis.

348 2015 545 2064 Alleluya.
613 2015 649 2053 V.
673 2015 856 2052 Surrexit
876 2014 1078 2060 Dominus,
1103 2018 1142 2050 et
1161 2027 1365 2051 occurrens
1379 2014 1607 2051 mulieribus
1620 2013 1687 2061 ait,
1705 2013 1837 2051 Avete
1854 2027 1861 2050 :

269 2074 365 2106 tunc
384 2073 626 2106 accesserunt
645 2073 685 2106 et
705 2073 920 2105 tenuerunt
939 2068 1054 2118 pedes
1070 2068 1164 2117 ejus.

349 2122 471 2172 warct
494 2122 905 2160 OetavasAscensionis
924 2123 1134 2159 secunclmn
1153 2121 1348 2171 Alleluya.
1414 2122 1451 2160 V.
1483 2122 1675 2159 Ascendit
1695 2122 1802 2158 Deus
1821 2120 1864 2157 in

264 2177 500 2228 jubilatione
516 2192 524 2214 :
555 2181 595 2214 et
614 2176 807 2213 Dominus
826 2177 869 2213 in
888 2189 981 2213 voce
999 2177 1114 2212 tubae.

351 2230 471 2279 Infra
493 2230 653 2268 Oetavas
672 2231 905 2268 Pentecostes
929 2231 1141 2267 secundum
1168 2229 1366 2279 Alleluya.
1433 2229 1471 2267 V.
1503 2229 1654 2267 Emitte
1683 2228 1866 2279 spiritum

275 2290 401 2331 tuum,
425 2288 465 2321 et
484 2285 722 2321 creabuntur
738 2298 744 2321 :
774 2288 814 2321 et
833 2284 1037 2321 renovabis
1056 2284 1196 2320 faciem
1215 2288 1336 2321 terrae.

352 2338 570 2387 Sequentia.
627 2338 788 2389 Virgini
808 2338 955 2376 Mariae.

353 2393 448 2429 Alia
467 2392 683 2440 Sequentia.
743 2392 882 2429 Stabat
896 2393 1025 2440 juxta.

353 2446 449 2483 Alia
468 2446 684 2495 Sequentia.
743 2446 895 2483 Laudes
916 2446 1083 2492 Christo,
1106 2451 1151 2482 ut
1170 2445 1215 2482 in
1234 2444 1452 2483 Communi.

355 2500 571 2537 Secundum
596 2500 816 2538 Jolmmzem
835 2500 935 2550 (aezoe.
960 2499 1111 2550 25-27).

356 2555 407 2591 In
426 2553 494 2590 illo
508 2558 693 2603 tempore,
715 2553 884 2592 Stabant
910 2554 1030 2603 juxta
1062 2565 1215 2590 crucem
1234 2552 1263 2590 J
1266 2566 1332 2590 esu
1356 2566 1477 2602 usqae
1504 2553 1557 2589 ad
1585 2551 1798 2601 discipulus
1826 2551 1868 2588 in

277 2623 355 2648 sua.

361 2662 618 2710 Offertorium.

358 2717 510 2765 Regina
529 2716 611 2751 caeli
631 2715 775 2761 laetare,
797 2715 989 2764 alleluya3
1018 2714 1111 2764 quia
1139 2728 1254 2764 quem
1282 2714 1459 2751 meruisti
1488 2717 1653 2763 portare,
1674 2713 1868 2762 alleluya3

279 2771 503 2814 resurrexit,
525 2770 626 2806 sieut
645 2769 757 2812 dixit,
777 2769 946 2818 alleluya
958 2783 969 2816 3
998 2783 1065 2806 ora
1083 2782 1153 2818 pro
1171 2768 1283 2805 nobis
1302 2768 1443 2814 Deum,
1464 2767 1641 2817 alleluya.

360 2824 519 2862 Secreta.

361 2877 581 2927 Propitiare
600 2876 724 2921 nobis,
746 2876 926 2923 Domine,
948 2890 1182 2925 quaesumus,
1203 2876 1310 2912 illius
1328 2876 1438 2925 Agni
1458 2874 1656 2912 Paschalis
1676 2874 1872 2911 oblatione

281 2932 548 2982 acceptissima
575 2944 662 2966 cum
688 2931 810 2967 beatae
840 2930 916 2966 Dei
945 2931 1147 2979 genitricis
1173 2930 1311 2966 Mariae
1339 2929 1404 2979 pia
1433 2929 1735 2976 interventione,
1757 2942 1872 2978 quem

282 2987 364 3036 ipsa
382 2985 521 3036 genuit
539 2988 728 3034 perpetua
748 2984 986 3034 virginitate.
1046 2984 1125 3029 Qui
1143 2988 1284 3022 tecum.
