1979 3348
237 282 319 322 200
755 282 1000 338 Sequentia>
1033 283 1306 326 Communes.

318 393 377 429 De
396 393 518 430 unias
537 393 707 442 apostoli.
766 392 1011 441 Sequentia*

235 447 330 485 Caeli
350 452 533 484 enarra-nt
552 447 713 496 gloriam
737 446 813 483 Dei
836 446 927 483 Filii
945 446 1073 484 Verbi
1091 447 1295 496 incarnati,
1317 448 1411 485 facti
1430 449 1476 485 de
1495 453 1600 485 terra
1621 449 1721 485 caeli:

236 502 334 539 Haec
355 501 459 537 enim
479 501 602 551 gloria
621 501 693 537 soli
714 501 885 537 Domino
904 504 963 537 est
982 514 1162 550 congrua,

237 556 394 592 Nomen
414 560 471 591 est
492 556 601 602 cujus
621 555 754 603 magni
773 554 925 591 consilii
942 555 1114 604 angelus.

236 610 352 646 Istud
370 608 577 646 consilium
593 608 699 658 lapso
719 608 868 645 homini
887 609 1082 645 auxilium

236 664 308 700 Est
346 663 556 711 antiquum
592 666 631 699 et
668 662 906 711 profundum
943 666 983 699 et
1018 676 1156 699 verum
1185 663 1345 708 factum,
1377 663 1467 700 solis
1504 667 1660 700 tantum
1689 664 1830 700 sanctis

343 717 553 765 cognitum.

235 771 335 808 Cum
365 770 526 819 angelus
559 770 632 806 iste
657 769 773 806 homo
805 774 923 806 natus
952 783 1002 806 ex
1034 770 1210 817 muliere,
1243 771 1505 807 immortalem
1525 784 1574 807 ex
1594 771 1762 817 mortali,
1785 771 1831 807 de

342 829 447 862 terra
466 824 603 860 caelum
621 824 725 869 fecit,
748 837 797 860 ex
816 823 974 860 homine
993 825 1184 874 angelum.

233 878 314 916 Hic
342 883 399 915 est
421 878 615 915 Dominus
643 878 899 925 exercituum,
923 878 1032 915 Deus
1061 879 1171 927 cujus
1200 882 1294 915 sunt
1321 878 1450 927 angeli
1479 878 1588 915 missi
1617 879 1656 914 in
1686 882 1829 914 terram

341 932 506 982 apostoli
522 945 530 968 :

233 985 386 1031 Quibus
414 985 584 1035 seipsum
603 985 739 1021 vivum
762 985 931 1035 praebuit
958 999 1163 1036 resurgens
1192 986 1235 1022 in
1262 986 1400 1023 multis
1427 986 1669 1035 argumentis
1697 998 1829 1035 pacem

340 1040 466 1077 victor
484 1039 622 1076 mortis
641 1039 838 1077 nuntians.

231 1093 318 1130 Pax
337 1094 449 1130 vobis
469 1106 537 1142 ego
557 1106 656 1139 sum,
673 1093 816 1142 inquit,
837 1093 960 1130 nolite
973 1094 1058 1142 jam
1078 1093 1217 1131 timere
1233 1108 1240 1131 :

230 1147 446 1184 Praedicate
461 1148 627 1183 verbum
644 1147 720 1183 Dei
739 1152 928 1184 creaturae
949 1148 1057 1184 omni
1075 1161 1204 1184 coram
1223 1147 1380 1196 regibus
1399 1151 1439 1184 et
1457 1147 1721 1197 principibus,

231 1201 341 1239 Sicut
359 1202 467 1237 misit
486 1214 548 1237 me
567 1204 689 1250 pater,
712 1205 752 1237 et
771 1213 841 1250 ego
859 1201 976 1237 mitto
995 1214 1065 1238 vos
1083 1201 1126 1238 in
1147 1201 1336 1238 mundum
1353 1215 1363 1248 3

234 1255 371 1292 Estote
390 1267 481 1304 ergo
499 1254 710 1303 prudentes
730 1255 831 1291 sicut
851 1259 1073 1305 serpentes;

231 1309 368 1345 Estote
388 1313 434 1345 ut
453 1308 641 1345 columbae
660 1308 864 1357 simplices.

230 1363 339 1400 Hinc
360 1362 503 1400 Petrus
523 1362 691 1399 Romam
709 1362 974 1411 apostolorum
993 1363 1172 1412 princeps
1191 1362 1300 1410 adiit,

231 1416 379 1453 Paulus
400 1416 590 1453 Graeciam
611 1417 756 1465 ubique
777 1416 916 1453 docens
935 1417 1113 1467 gratiam.

229 1470 305 1507 Ter
342 1474 530 1520 quattuor
566 1470 635 1507 alii
672 1483 848 1519 proceres
885 1471 927 1507 in
964 1471 1088 1521 plagis
1129 1474 1243 1508 terrae
1279 1474 1478 1520 quattuor,
1517 1470 1826 1520 evangelizantes

336 1524 501 1561 Trinum
522 1528 561 1561 et
581 1524 730 1561 Unum.

227 1578 420 1625 Andreas,
442 1579 470 1616 J
473 1578 614 1615 acobus
633 1582 809 1627 uterque,
832 1577 1051 1627 Philippus,
1074 1578 1397 1627 Bartholomaeus,

229 1632 376 1679 Simon,
398 1632 629 1679 Thaddaeus,
649 1631 678 1669 J
681 1632 865 1679 ohannes,
887 1632 1066 1679 Thomas,
1089 1633 1314 1670 Matthaeus.

229 1686 447 1724 Duodecim
470 1686 634 1736 judices,
655 1699 735 1723 non
763 1686 812 1722 ab
839 1699 920 1723 uno
939 1686 1006 1722 sed
1033 1687 1107 1729 †in
1132 1700 1211 1724 uno
1231 1687 1360 1733 divisi,
1381 1699 1450 1737 per
1468 1686 1601 1724 orbem
1620 1686 1765 1723 divisos
1784 1686 1825 1722 in

335 1753 460 1777 unum
479 1740 680 1789 colligunt.

228 1794 279 1830 In
299 1807 455 1831 omnem
473 1798 620 1831 terram
639 1793 767 1831 exivit
787 1807 904 1831 sonus
923 1806 1068 1842 eorum,

226 1848 281 1885 Et
299 1848 342 1884 in
361 1849 457 1885 fines
477 1848 581 1884 orbis
600 1851 713 1884 terrae
733 1849 853 1884 verba
872 1861 1016 1885 eorum.

226 1901 354 1947 Quam
373 1902 533 1952 speciosi
553 1901 668 1951 pedes
688 1900 1041 1951 evangelizantium
1061 1902 1220 1948 bonum,
1242 1901 1539 1951 praedicantium
1558 1914 1704 1951 pacem,

225 1955 423 2006 Sanguine
444 1956 591 1993 Christi
611 1956 823 2005 redemptis
842 1956 899 1992 ita
917 1956 1134 1992 dicentium
1148 1970 1158 2002 3
1188 1956 1293 2001 Sion,
1315 1956 1496 2005 regnavit
1515 1955 1623 1992 Deus
1642 1959 1746 2001 tuus,

226 2009 305 2055 Qui
324 2011 366 2047 in
386 2010 521 2046 Verbo
541 2010 680 2046 saecula
698 2010 801 2056 fecit,
823 2010 927 2059 quod
945 2023 1015 2058 pro
1034 2010 1147 2046 nobis
1168 2010 1345 2046 Verbum
1365 2023 1452 2046 caro
1472 2009 1620 2046 factum
1639 2013 1710 2055 est,

225 2064 314 2101 Hoc
334 2064 512 2100 Verbum
534 2063 638 2113 quod
659 2064 923 2112 praedicamus,
941 2063 1142 2100 Christum
1162 2064 1402 2111 crucifixum,
1421 2064 1489 2113 qui
1507 2063 1609 2100 vivit
1628 2068 1668 2100 et
1686 2068 1824 2112 regnat

332 2117 441 2155 Deus
460 2131 531 2154 rex
550 2118 592 2154 in
612 2117 725 2154 caelis.

224 2172 284 2208 Hi
313 2176 406 2209 sunt
425 2172 519 2218 caeli,
542 2172 696 2221 quibus,
719 2171 886 2218 Christe,
908 2171 1074 2219 habitas,
1094 2171 1138 2208 in
1158 2184 1324 2221 quorum
1345 2171 1474 2208 verbis
1502 2175 1626 2218 tonas,
1646 2171 1822 2221 fulguras

331 2226 462 2276 signis,
484 2239 591 2262 roras
611 2226 747 2275 gratia.

222 2279 301 2317 His
334 2280 483 2326 dixisti,
521 2280 680 2326 Rorate,
716 2279 811 2327 caeli,
841 2279 1017 2329 desuper,
1039 2283 1079 2316 et
1106 2280 1229 2316 nubes
1255 2280 1395 2330 pluant
1407 2280 1590 2329 justum,
1623 2279 1822 2329 aperiatur

329 2341 444 2380 terra,
466 2334 661 2383 germinet

222 2388 392 2425 Germen
405 2389 569 2437 justum.
630 2387 783 2424 Suscita
801 2391 948 2425 terram
967 2391 1153 2434 nostram,
1168 2400 1288 2437 quam
1306 2387 1528 2437 apostolicis
1546 2387 1675 2424 verbis
1690 2400 1820 2424 serens

328 2442 547 2491 germinare
566 2441 693 2478 facias.

221 2496 399 2541 Quorum
426 2496 558 2532 verbis
585 2495 751 2532 verbum
781 2495 914 2532 Patris
946 2499 1135 2541 tenentes,
1155 2495 1198 2532 in
1216 2495 1409 2546 patientia
1436 2495 1607 2532 fructum
1636 2495 1736 2531 ferre
1759 2494 1818 2532 fac

327 2563 397 2586 nos
416 2550 502 2595 tibi,
526 2549 707 2586 Domine.
942 2582 945 2584 ,

224 2603 283 2640 Hi
302 2609 396 2640 sunt
417 2603 511 2649 caeli,
534 2616 632 2652 quos
650 2603 784 2653 magni
803 2603 957 2653 consilii
975 2603 1136 2652 angelus
1155 2603 1363 2649 inhabitas,
1385 2616 1482 2652 quos
1500 2616 1581 2639 non
1600 2615 1730 2639 servos
1750 2599 1816 2639 secl

325 2657 469 2694 amicos
488 2657 670 2706 appellas,
693 2658 836 2707 quibus
855 2657 997 2704 omnia,
1020 2671 1107 2707 quae
1126 2657 1272 2694 audisti
1291 2671 1314 2694 a
1334 2657 1464 2703 Patre,
1484 2656 1672 2693 notificas.

218 2711 270 2748 In
289 2724 456 2761 quorum
476 2711 667 2748 divisione
686 2711 892 2748 collectum
910 2725 1063 2761 gregem
1085 2712 1280 2748 custodias
1303 2711 1518 2748 indivisum
1537 2714 1577 2747 et
1595 2711 1637 2747 in
1656 2708 1814 2747 vinculo

325 2765 430 2815 pacis
449 2778 586 2811 unum,
606 2769 654 2801 ut
672 2765 714 2801 in
733 2769 773 2802 te
793 2779 914 2802 unum
937 2765 1070 2812 simus,
1093 2766 1194 2803 sicut
1213 2765 1256 2802 in
1275 2765 1394 2802 Patre
1413 2768 1460 2802 tu
1479 2777 1518 2801 es
1537 2777 1649 2801 unus.

218 2819 407 2856 Miserere
427 2823 484 2866 tu,
507 2819 576 2868 qui
595 2818 748 2855 habitas
767 2832 838 2856 rex
858 2820 899 2856 in
919 2819 1032 2856 caelis.

296 2893 311 2908 ⁸
334 2892 415 2921 This
438 2892 602 2929 Sequence
622 2892 650 2920 is
671 2892 769 2929 given
789 2893 823 2921 in
844 2893 914 2921 MS.
932 2893 968 2929 C,
982 2893 1061 2922 with
1082 2893 1136 2922 the
1156 2892 1372 2921 note—“Haec
1391 2891 1552 2930 Sequentia
1572 2902 1631 2920 nou.
1651 2891 1762 2921 dicitur
1780 2889 1812 2920 iu

219 2932 316 2962 Chore
329 2931 541 2961 Ebomcensiss'
582 2931 614 2960 It
633 2931 662 2959 is
685 2932 751 2959 also
773 2932 872 2961 found
893 2932 926 2960 in
947 2933 1000 2961 the
1022 2932 1092 2961 MS.
1116 2932 1342 2969 Sequentarius
1362 2931 1395 2958 in
1416 2931 1494 2960 Sion
1516 2931 1643 2968 College
1665 2931 1810 2968 Library.

216 2971 288 3000 Itis
303 2971 474 3008 appointed
488 2973 522 3000 to
540 2971 578 2999 be
600 2970 677 2999 used
695 2970 786 2999 twice
806 2971 839 2999 in
861 2971 930 3000 MS.
947 2972 1068 3011 A—(l)
1090 2971 1131 3000 IN
1153 2972 1261 3000 Fns'ro
1282 2977 1485 2999 SANOTORUM
1507 2971 1613 2999 Pmm
1627 2977 1668 2999 m*
1683 2971 1810 3005 PAUL13

214 3010 277 3038 and
298 3010 330 3049 (2
370 3010 412 3039 ΙΝ
433 3017 492 3038 nm
513 3017 633 3039 simon
656 3010 763 3039 PETRI
784 3017 831 3041 AD,
852 3010 1020 3040 Vnicum.
1079 3010 1110 3040 It
1131 3019 1243 3039 occurs
1266 3010 1301 3038 in
1323 3019 1364 3038 no
1387 3010 1476 3039 other
1501 3009 1583 3045 MS„
1608 3019 1667 3038 nor
1695 3010 1728 3037 in
1756 3009 1810 3038 the

213 3050 316 3087 printe
353 3049 494 3078 Missals.

289 3089 306 3128 †
327 3088 528 3118 Kehrein-“
539 3089 573 3117 in
588 3089 716 3117 unumst
