1979 3348
401 255 464 296 In
493 253 656 296 Natali
685 254 830 296 sancti
859 253 1086 296 Johaomis
1115 251 1447 294 Bcverlccccvzsz's.
1638 252 1718 292 229

131 365 287 414 deliqui,
309 365 609 414 cogitationibus
628 366 758 415 pravis
778 369 817 402 et
846 365 1007 410 illicitis,
1027 364 1176 400 minore
1205 362 1424 399 reverentia
1452 365 1491 397 et
1512 361 1719 397 devotione

129 432 245 468 quam
275 419 402 465 debui,
423 423 524 465 actu,
546 419 609 455 vel
638 419 715 455 alia
745 418 994 468 negligentia,
1014 417 1221 454 iteratione
1240 416 1449 452 verborum
1469 415 1531 450 vel
1562 427 1718 462 corrup-

129 473 235 508 tione
272 476 340 508 aut
377 473 627 509 distractione
657 473 876 518 verborum,
907 472 1061 516 mentis,
1085 471 1148 507 vel
1185 482 1414 520 quocunque
1452 468 1579 512 modo,
1609 471 1719 503 tuam

130 525 411 562 sanctissimam
440 526 627 575 pietatem
656 525 833 574 imploro,
855 529 1045 574 quatenus
1076 524 1175 560 mihi
1205 524 1415 560 clementer
1444 521 1657 570 indulgere,
1680 524 1720 557 et

130 592 190 615 me
219 579 439 628 plenissime
466 580 515 616 ab
545 579 606 615 his
635 582 674 615 et
703 579 752 615 ab
786 579 966 615 omnibus
995 578 1162 627 peccatis
1190 577 1284 613 meis
1312 575 1482 624 digneris
1507 574 1716 611 absolvere.

130 632 207 676 Qui
226 646 313 669 cum
335 633 419 669 Deo
440 633 558 669 Patre
577 637 616 669 et
636 632 786 681 Spiritu
815 632 957 669 Sancto
985 631 1087 668 vivis
1111 635 1151 668 et
1178 643 1315 680 regnas
1344 629 1463 675 Deus,
1484 628 1561 665 Per
1589 627 1720 664 omnia

131 686 271 722 saecula
289 686 526 723 saeculorum.
584 687 727 722 Amen.

767 826 886 863 From
915 825 1001 862 MS.
1032 826 1082 862 D.

235 908 285 944 IN
314 908 477 945 NATALI
506 918 645 944 SANCTI
674 907 884 945 JOHANNIS
914 907 1260 952 BEVERLACENSIS,
1291 915 1607 943 ARcmEmscori.

213 1003 396 1052 Officium.
456 1004 606 1041 Statuit
625 1004 662 1041 ei
680 1003 798 1042 Deus.

215 1057 358 1094 Oratio.

213 1111 330 1157 Deus,
370 1111 518 1147 virtute
556 1112 664 1160 cujus
701 1112 836 1148 beatus
874 1111 902 1149 J
905 1112 1075 1148 ohannes
1111 1111 1288 1161 pontifex
1326 1110 1522 1146 miraculis
1559 1109 1720 1158 insignis

132 1164 286 1210 enituit,
307 1165 517 1214 suffragare
542 1165 850 1214 supplicantibus
874 1165 995 1211 nobis,
1018 1169 1064 1201 ut
1086 1166 1156 1214 qui
1182 1165 1440 1201 miserationis
1458 1168 1536 1200 tuae
1555 1164 1722 1213 gratiam

132 1219 311 1267 petimus,
338 1219 456 1267 ipsius
487 1219 714 1255 interventu
744 1219 793 1255 ab
825 1219 932 1255 omni
959 1219 1147 1256 vitiorum
1179 1219 1476 1268 inquinamento
1508 1218 1623 1254 citius
1655 1229 1721 1253 ex-

132 1272 293 1321 piemur.
352 1272 429 1309 Per
447 1273 669 1309 Dominum.

213 1326 398 1374 Epistola.
457 1325 579 1362 Dedit
598 1326 790 1362 Dominus
810 1326 1099 1365 confessoribus.

217 1380 392 1416 Gradale.
450 1379 594 1415 Inveni
613 1379 752 1416 David.

213 1432 408 1482 Alleluya.
475 1433 512 1470 V.
542 1433 571 1470 J
574 1436 682 1470 ustus
700 1434 943 1483 germinabit.

215 1486 479 1535 Evanqelium.
538 1486 653 1524 Misit
671 1487 699 1525 J
702 1500 787 1524 esus
807 1487 1017 1524 duodecim.

218 1539 401 1588 Officimn.
458 1540 628 1577 Veritas.

216 1594 374 1631 Secreta.

215 1647 445 1696 Propitiare,
467 1660 699 1696 quaesunmS,
729 1648 910 1694 Domine,
940 1648 1051 1685 nobis
1089 1648 1244 1684 famulis
1278 1648 1357 1684 tuis
1389 1660 1459 1696 per
1490 1646 1723 1684 sanctissimi

137 1701 363 1738 confessoris
392 1701 454 1738 tui
485 1706 602 1750 atque
634 1702 828 1751 pontificis
861 1702 889 1738 J
892 1702 1055 1738 ohannis
1087 1702 1227 1738 merita
1259 1700 1433 1751 gloriosa,
1467 1705 1512 1738 ut
1545 1701 1626 1750 ejus
1658 1701 1724 1750 pia

137 1755 409 1792 intercessione
428 1755 478 1791 ab
496 1755 676 1792 omnibus
695 1769 845 1805 semper
863 1760 1113 1806 protegamur
1131 1756 1313 1794 adversis.
1371 1755 1448 1792 Per
1467 1755 1692 1792 Dominum.

218 1808 455 1847 Communia
513 1809 659 1846 Beatus
677 1822 820 1846 servus.

215 1862 533 1900 Postcommunio.

217 1916 334 1962 Deus,
375 1916 444 1965 qui
481 1916 692 1953 Ecclesiam
728 1920 837 1953 tuam
874 1917 1025 1954 meritis
1070 1922 1110 1954 et
1151 1917 1391 1954 orationibus
1433 1915 1628 1966 pontificis
1664 1916 1726 1952 tui

136 1969 163 2006 J
167 1969 329 2006 ohannis
348 1970 510 2006 mirifico
529 1970 731 2019 splendore
750 1970 945 2017 clarificas,
959 1972 1122 2008 concede
1140 1971 1341 2021 propitius,
1358 1974 1404 2007 ut
1418 1971 1487 2019 qui
1500 1969 1726 2006 memoriam

136 2023 242 2060 illius
268 2037 499 2060 veneramur
528 2024 571 2060 in
600 2025 725 2071 terris,
745 2024 1037 2061 intercessorem
1070 2025 1174 2075 apud
1199 2029 1239 2062 te
1269 2038 1485 2062 mereamur
1514 2024 1654 2061 habere
1683 2023 1725 2059 in

138 2077 249 2114 caelis.
306 2077 383 2114 Per
401 2076 626 2114 Dominum.

350 2138 565 2187 Sequentia.

604 2192 867 2238 Exsultemus,
889 2197 930 2230 et
946 2193 1135 2240 laetemur,

601 2246 655 2282 Et
674 2246 811 2283 devote
830 2260 1071 2294 veneremur,

601 2299 795 2336 Venerari
813 2314 928 2350 quem
947 2305 1128 2338 tenemur

653 2354 682 2390 J
685 2354 877 2391 ohannem
897 2355 1130 2404 pontificem.

601 2407 746 2443 Virum
765 2407 849 2445 Deo
869 2412 1147 2455 consecratum,

600 2461 745 2497 Virum
764 2462 840 2498 fide
860 2462 1096 2509 roboratum,

601 2514 748 2551 Virum
767 2515 882 2565 digne
901 2516 1149 2552 sublevatum

654 2568 838 2605 Praesulis
855 2569 904 2605 ad
923 2569 1080 2618 apicem.

602 2622 699 2658 Erat
717 2622 820 2658 enim
839 2623 902 2659 vir
919 2623 1083 2672 insignis

601 2676 653 2712 In
671 2676 886 2712 virtutibus
905 2680 945 2712 et
963 2676 1093 2726 signis,

603 2729 729 2774 Quem
747 2729 872 2766 divini
891 2729 1071 2779 splendor
1089 2730 1190 2781 ignis

656 2783 707 2819 In
727 2782 913 2820 columbae
932 2784 1057 2832 specie

601 2836 880 2884 Circumfulsit‚
901 2837 994 2874 dum
1013 2837 1147 2875 orabat
1161 2851 1171 2884 ;

602 2890 708 2927 Dum
728 2903 794 2927 cor
811 2890 979 2927 lacrimis
998 2891 1224 2939 mundabat,

605 2943 711 2980 Dum
730 2957 769 2980 se
788 2948 916 2980 totum
936 2945 1162 2982 immolabat

658 2997 827 3034 Auctori
840 2998 1016 3047 justitiae.
