1979 3348
246 242 329 287 170
658 241 801 284 Missa
826 257 912 298 pro
941 241 1114 284 Pluvia
1137 242 1425 297 postulanda.

327 353 519 390 Psalmus.

326 407 394 444 Ad
426 411 478 454 te,
499 407 680 455 Domine,
708 407 836 444 levavi
863 407 1035 444 animam
1064 419 1214 444 meam:
1250 407 1358 444 Deus
1387 420 1506 455 meus,
1532 407 1575 444 in
1608 412 1648 445 te
1678 406 1839 454 confido,

246 474 324 498 non
343 462 576 499 erubescam.

330 515 474 552 Oratio.

327 568 447 615 Deus,
469 582 676 618 regnorum
696 568 872 605 omnium
886 581 1099 619 regumque
1114 568 1347 614 dominator,
1366 568 1434 618 qui
1448 581 1518 605 nos
1536 572 1574 605 et
1588 567 1843 618 percutiendo

248 635 373 669 sanas,
395 631 434 659 et
453 623 685 672 ignoscendo
706 635 907 660 conservas
922 635 932 669 ;
960 622 1158 672 praetende
1177 622 1289 658 nobis
1308 622 1612 659 misericordiam
1632 627 1742 659 tuam
1758 635 1768 668 3
1796 625 1842 658 ut

248 676 537 726 tranquillitate
556 678 662 726 pacis
681 681 750 713 tua
769 681 961 727 potestate
980 677 1135 712 firmata
1154 676 1203 712 ad
1222 675 1393 713 remedia
1407 676 1656 713 correctionis
1670 681 1841 713 utamur.

250 730 336 767 Per.

329 783 456 821 Lectio
477 784 567 821 libri
586 777 732 821 Hcster.

329 837 380 874 In
395 838 531 874 diebus
544 838 634 883 illis,
648 838 787 875 Oravit
800 837 947 874 Hester
966 838 1014 874 ad
1034 837 1264 883 Dominum,
1280 837 1410 874 dicens
1425 850 1434 883 3
1455 837 1637 884 Domine,
1652 835 1843 889 etssceterffi·

249 892 399 940 require
412 898 500 940 post
519 892 768 930 Donm'nicam
789 891 1101 940 Quadrcqqesimae
1120 892 1164 928 ’ῖη
1184 891 1301 927 Feria
1321 897 1473 939 quarta.

334 945 510 983 Graclale.

330 999 530 1049 Propitius
549 1003 642 1047 esto,
660 1000 840 1045 Domine,
856 999 1023 1049 peccatis
1037 998 1181 1036 nostris
1199 1013 1206 1036 :
1233 999 1440 1048 nequando
1459 999 1591 1036 dicant
1610 1002 1756 1048 gentes,
1778 997 1847 1034 ubi

252 1057 311 1090 est
331 1054 438 1090 Deus
459 1067 602 1091 eorum.

258 1107 294 1144 V.
331 1108 493 1157 Adjuva
512 1122 592 1154 nos,
615 1108 722 1145 Deus
741 1107 924 1144 salutaris
942 1110 1074 1143 noster
1091 1121 1098 1144 :
1129 1110 1168 1143 et
1187 1111 1347 1156 propter
1365 1105 1553 1143 honorem
1575 1105 1745 1144 nominis
1772 1105 1845 1152 tui,

253 1161 433 1208 Domine,
456 1161 579 1198 libera
598 1175 678 1199 nos.

330 1215 526 1264 Alleluya.
603 1216 641 1252 V.
691 1215 864 1252 Ostende
901 1214 1024 1261 nobis,
1065 1214 1247 1260 Domine,
1288 1214 1593 1251 misericordiam
1631 1218 1740 1251 tuam
1757 1227 1764 1251 z
1809 1217 1848 1250 et

252 1269 422 1306 salutare
441 1273 556 1305 tuum
576 1269 625 1306 da
643 1269 766 1306 nobis.

333 1323 600 1371 Evmzgyelium..
658 1324 803 1369 Amen,
825 1322 910 1359 dico
929 1322 1052 1367 vobis,
1068 1321 1162 1371 quia
1181 1321 1404 1372 quicunque
1423 1321 1582 1367 dixerit,
1603 1327 1647 1358 ut
1667 1334 1798 1370 supra.

336 1384 587 1432 Offertorium.
647 1385 767 1432 Deus,
788 1389 833 1421 tu
853 1388 1095 1422 convertens.

333 1446 492 1483 ,S'eoretm

334 1500 496 1546 Adesto,
514 1514 747 1550 quaesumus,
769 1500 949 1545 Domine,
966 1500 1159 1550 propitius
1178 1499 1322 1549 populo
1341 1503 1410 1536 tuo
1426 1513 1435 1546 3
1461 1503 1500 1537 et
1520 1513 1636 1549 quem
1655 1498 1852 1547 mysteriis

254 1554 470 1591 caelestibus
489 1560 529 1591 et
548 1555 799 1592 sacramentis
818 1555 971 1600 imbuis,
990 1567 1058 1604 per
1079 1555 1159 1591 haec
1178 1567 1341 1590 munera
1355 1567 1440 1602 quae
1456 1554 1531 1590 tibi
1546 1554 1660 1590 offert
1675 1553 1849 1598 devotus,

254 1622 277 1645 a
295 1608 425 1645 furore
444 1613 673 1646 cunctorum
693 1609 865 1646 hostium
884 1613 954 1645 tua
974 1609 1221 1645 miseratione
1241 1608 1412 1644 defende.
1471 1607 1549 1644 Per
1568 1607 1795 1645 Dominum.

338 1662 578 1701 Commzmz‘o.
637 1662 794 1699 Inclina
812 1677 946 1700 aurem
965 1666 1075 1699 tuam
1092 1676 1098 1699 :
1127 1662 1306 1708 accelera,
1329 1666 1375 1698 ut
1394 1675 1507 1698 eruas
1526 1674 1608 1698 nos.

335 1724 363 1761 I
363 1739 388 1761 η
408 1731 567 1773 tempore
586 1725 780 1772 Paschalz',
802 1725 1000 1774 Alleluya,
1022 1724 1199 1773 alleluya.

336 1785 656 1822 Postcommum'o.

340 1839 520 1889 Corporis
540 1844 579 1876 et
599 1839 797 1888 sanguinis
821 1839 983 1876 Domini
1012 1840 1136 1876 nostri
1164 1839 1191 1877 J
1195 1853 1261 1876 esu
1292 1839 1439 1876 Christi
1467 1843 1708 1876 sacrosancta
1736 1838 1853 1875 refec-

260 1893 366 1930 tione
385 1894 568 1942 vegetati,
590 1894 780 1943 supplices
808 1897 847 1930 te
875 1907 1066 1943 rogamus,
1087 1894 1332 1943 omnipotens
1362 1894 1469 1930 Deus
1488 1908 1494 1930 :
1523 1898 1568 1930 ut
1588 1893 1659 1930 hoc
1683 1893 1856 1929 remedio

259 1947 448 1996 singulari
467 1948 516 1984 ab
536 1948 642 1984 omni
662 1961 732 1984 nos
751 1952 994 1997 peccatorum
1015 1948 1243 1998 contagione
1266 1947 1454 1997 purifices,
1478 1951 1516 1984 et
1544 1961 1565 1984 a
1594 1947 1854 1997 periculorum

260 2002 413 2038 munias
432 2002 652 2039 incursione
671 2006 911 2039 cunctorum.
970 2001 1056 2039 Per.

701 2170 834 2207 M1ssA
864 2182 940 2207 PRO
970 2170 1128 2208 mevm
1158 2181 1428 2208 POSTULANDA.

344 2279 528 2326 Officium.
589 2279 702 2317 Salus
722 2280 868 2330 populi.

346 2332 490 2370 Oratio.

342 2386 461 2433 Deus,
477 2387 520 2423 in
535 2400 612 2436 quo
627 2387 809 2434 vivimus,
831 2402 1036 2425 movemur
1055 2393 1094 2425 et
1114 2402 1247 2425 sumus
1257 2402 1267 2435 3
1291 2388 1467 2438 pluviam
1486 2389 1598 2425 nobis
1618 2389 1749 2425 tribue
1768 2402 1858 2426 con-

258 2444 475 2488 gruentem,
497 2446 543 2477 ut
561 2442 818 2490 praesentibus
843 2443 1025 2479 subsidiis
1052 2443 1287 2480 sufficienter
1306 2443 1443 2492 adjuti,
1462 2443 1700 2493 sempiterna
1726 2443 1860 2480 fiduci-

261 2494 361 2530 alius
380 2499 618 2544 appetamus.
678 2495 762 2533 Per.

342 2554 470 2592 Lectio
490 2556 580 2593 libri
598 2557 747 2605 Bessum
765 2558 816 2606 (3
837 2558 917 2594 viii.
942 2558 1005 2604 23,
1029 2559 1090 2604 35,
1114 2559 1198 2607 37).

341 2608 392 2645 In
426 2609 562 2647 diebus
599 2611 689 2657 illis,
726 2612 866 2648 Oravit
898 2612 1080 2649 Salomon
1114 2626 1231 2661 usqne,
1262 2613 1314 2648 (ml
1345 2625 1441 2661 quas
1474 2612 1617 2649 dedisti
1648 2613 1791 2662 populo
1820 2613 1862 2649 in

262 2663 550 2710 possessionem,
573 2665 742 2702 Domine
763 2665 870 2702 Deus
888 2670 1031 2703 noster.

343 2716 520 2755 Gradale.
579 2718 779 2768 Propitius
800 2724 891 2756 esto.

344 2770 541 2820 Alleluya.
608 2773 643 2809 V.
678 2773 848 2810 Ostende
866 2774 988 2810 nobis.

345 2824 565 2862 &emulum
584 2826 767 2863 Marma
785 2827 888 2877 (viii.
915 2828 1036 2877 1-10).

345 2879 395 2915 In
414 2879 482 2916 illo
501 2883 688 2929 tempore,
710 2881 826 2917 Dixit
846 2882 873 2918 J
877 2895 964 2918 esus
977 2881 1179 2931 discipulis
1196 2881 1276 2918 suis
1293 2895 1299 2919 :
1322 2881 1512 2918 Misereor
1530 2883 1654 2919 tui-bae
1676 2895 1794 2931 usque
1813 2882 1867 2919 acl

265 2932 301 2968 ei
321 2933 501 2982 discipuli
521 2934 605 2982 ejus
625 2947 713 2971 cum
734 2948 788 2971 eo,

349 2986 604 3034 Qffertorz'mn.
664 2988 869 3026 sederunt.
