1979 3348
259 237 313 277 88
867 237 993 280 Festa
1023 236 1233 291 Auqusti.

704 347 983 394 Sanctificavit,

704 401 888 438 Sanctam
908 400 1093 446 servavit,

704 455 757 491 Et
775 455 936 491 mittens
955 455 1009 491 sic
1029 454 1228 500 salutavit,

755 509 845 545 Ave
864 508 979 557 plena
996 508 1132 558 gratia.

703 562 780 598 Per
797 561 897 598 illud
915 563 1004 598 Ave
1022 562 1229 610 prolatum,

702 615 755 652 Et
773 619 888 652 tuum
906 628 1134 665 responsum
1152 619 1319 664 gratum,

702 669 775 706 Est
794 682 842 705 ex
861 673 901 706 te
920 669 1099 706 Verbum
1118 669 1377 717 incarnatum,

757 723 844 768 Quo
863 723 1068 760 salvantur
1086 723 1227 760 omnia.

702 777 821 814 Nunc
840 781 964 814 mater
983 790 1101 814 exora
1119 781 1269 825 natum,

702 831 764 868 Ut
778 834 957 868 nostrum
976 831 1092 867 tollat
1109 835 1274 878 reatum,

703 884 757 922 Et
775 898 940 934 regnum
960 885 1027 921 det
1045 885 1157 922 nobis
1175 889 1370 934 paratum,

756 939 807 975 In
827 939 971 976 caelesti
989 938 1126 988 patria.
1183 939 1325 976 Amen.

338 1024 447 1063 Sexto
466 1027 537 1065 die.
595 1025 811 1076 Sequentia.

699 1091 834 1128 Gaude
853 1091 931 1128 Dei
949 1091 1134 1141 genitrix,

698 1144 834 1181 Gaude
852 1145 944 1182 vitae
964 1144 1195 1194 reparatrix,

697 1198 941 1247 Reginarum
960 1198 1204 1247 imperatrix,

698 1251 832 1288 Gaude
852 1252 945 1288 vitis
964 1252 1168 1288 fructifera
1181 1265 1192 1298 3

697 1305 835 1342 Dulcis
854 1306 985 1342 fructu
1005 1305 1120 1342 odore
1138 1305 1370 1355 gratissima,

697 1359 771 1396 Cui
790 1359 933 1396 cedunt
952 1360 1084 1396 omnia
1102 1363 1287 1406 aromata,

696 1413 756 1449 Tu
776 1413 939 1462 pulchra
958 1426 1008 1459 es,
1030 1418 1075 1450 ut
1095 1413 1276 1462 Cynthia,

696 1467 749 1503 En
768 1467 878 1503 velut
899 1467 955 1503 eol
974 1467 1132 1504 radians
1150 1467 1365 1516 praeelecta,

695 1521 898 1558 Terribilis
918 1525 964 1557 ut
982 1521 1155 1570 phalanx
1175 1521 1366 1567 ordinata,

696 1575 875 1623 Speciosa
894 1578 933 1611 et
952 1575 1094 1621 suavis,

696 1628 786 1665 Sola
803 1629 914 1678 virgo
933 1633 1058 1665 mater
1078 1629 1121 1664 in
1141 1628 1288 1665 deliciis

694 1682 931 1719 Veneranda
949 1682 1099 1719 civibus
1117 1683 1311 1732 angelicis,

695 1735 824 1773 Nobis
843 1749 1024 1773 succurre
1042 1736 1194 1773 miseris
1206 1749 1217 1783 3

694 1789 758 1826 Ne
777 1790 1006 1827 damnemur
1024 1803 1112 1826 cum
1131 1790 1273 1839 impiis,

695 1843 771 1880 Sed
790 1848 970 1893 percepta
989 1847 1235 1892 peccatorum
1253 1844 1370 1881 venia

694 1897 746 1933 In
765 1898 909 1934 caelesti
928 1898 1160 1934 collocemur
1179 1899 1307 1947 patria

695 1951 773 1988 Per
791 1952 1021 1988 saeculorum
1041 1952 1190 1988 saecula.

695 2005 1002 2052 Conclamemus,
1023 2005 1192 2054 alleluya
1208 2019 1217 2054 3

695 2059 756 2095 Sit
776 2059 913 2095 Mariae
933 2059 1050 2095 matri
1070 2059 1219 2095 Christi

694 2112 809 2159 Laus,
831 2113 965 2158 honor,
987 2117 1026 2150 et
1045 2113 1177 2162 gloria.

584 2269 795 2307 Domch
824 2280 948 2306 INFRA
978 2269 1165 2306 OCTAVAs
1194 2269 1504 2307 ASSUMPTIONIS.

330 2362 394 2397 Ad
422 2360 586 2398 Elissam
617 2362 748 2398 omnia
772 2363 878 2409 flant
910 2361 1008 2397 sicut
1043 2361 1084 2397 in
1117 2361 1190 2407 die,
1219 2375 1320 2399 more
1350 2362 1547 2412 Simplicis
1575 2362 1680 2400 Festi
1707 2376 1836 2400 novem

250 2415 483 2461 Lectionum,
505 2415 563 2452 ita
582 2415 685 2463 qaod
703 2415 915 2463 Seqztentice
928 2428 1001 2463 per
1020 2415 1194 2452 ordinem
1213 2416 1408 2453 dicantur.

535 2567 586 2604 IN
616 2567 779 2603 OCTAVA
808 2577 945 2604 BEATAE
979 2567 1142 2604 MARIAE.
1204 2566 1272 2615 (xi.
1305 2568 1396 2604 Kal.
1429 2567 1550 2617 Sept.)

339 2656 520 2703 Officium.
580 2654 836 2692 Gaudeamus.

340 2709 480 2746 Oratio.

332 2762 585 2799 Famulorum
617 2765 787 2809 tuorum,
818 2774 1049 2811 quaesumus,
1083 2761 1261 2808 Domine,
1295 2761 1444 2798 delictis
1474 2761 1649 2810 ignosce,
1691 2765 1737 2798 ut
1768 2762 1837 2810 qui

252 2817 326 2854 tibi
344 2816 493 2865 placere
512 2815 558 2852 de
578 2815 727 2851 actibus
746 2816 888 2852 nostris
915 2829 994 2851 non
1023 2815 1208 2862 valemus,
1230 2815 1434 2864 genetricis
1464 2815 1557 2851 Filii
1586 2815 1646 2850 tui
1675 2814 1837 2852 Domini

252 2871 376 2908 nostri
394 2869 668 2906 intercessione
687 2869 888 2907 salvemur.
948 2869 1032 2906 Per.

333 2923 523 2960 Memoria
541 2923 586 2959 de
605 2923 840 2971 martyribus
862 2923 1053 2960 Timotheo
1073 2929 1106 2959 et
1125 2922 1417 2971 Symplcoriaow,
1477 2921 1619 2959 Oratio.

333 2977 544 3014 Auxilium
562 2980 675 3013 tuum
694 2977 817 3023 nobis,
836 2977 1014 3022 Domine,
1030 2976 1204 3026 placatus
1222 2976 1400 3025 impende
1414 2989 1424 3022 3
1450 2979 1489 3012 et
1508 2975 1835 3014 intercedentibus
