<?xml version="1.0" encoding="UTF-8"?>
<!DOCTYPE html PUBLIC "-//W3C//DTD XHTML 1.0 Transitional//EN"
    "http://www.w3.org/TR/xhtml1/DTD/xhtml1-transitional.dtd">
<html xmlns="http://www.w3.org/1999/xhtml" xml:lang="en" lang="en">
 <head>
  <title>
</title>
<meta http-equiv="Content-Type" content="text/html;charset=utf-8" />
  <meta name='ocr-system' content='tesseract 3.04.00' />
  <meta name='ocr-capabilities' content='ocr_page ocr_carea ocr_par ocr_line ocrx_word'/>
</head>
<body>
  <div class='ocr_page' id='page_1' title='image "./missaleadusumins02cath_0120.png"; bbox 0 0 1979 3348; ppageno 0'>
   <div class='ocr_carea' id='block_1_1' title="bbox 236 224 1206 280">
    <p class='ocr_par' dir='ltr' id='par_1_1' title="bbox 236 224 1206 280">
     <span class='ocr_line' id='line_1_1' title="bbox 236 224 1206 280; baseline -0.001 -12"><span class='ocrx_word' id='word_1_1' title='bbox 236 227 289 268; x_wconf 79' lang='lat'><strong>92</strong></span> <span class='ocrx_word' id='word_1_2' title='bbox 842 225 969 269; x_wconf 81' lang='lat' dir='ltr'><strong>Festa</strong></span> <span class='ocrx_word' id='word_1_3' title='bbox 998 224 1206 280; x_wconf 74' lang='lat' dir='ltr'><strong>Auyusti.</strong></span> 
     </span>
    </p>
   </div>
   <div class='ocr_carea' id='block_1_2' title="bbox 233 335 1820 428">
    <p class='ocr_par' dir='ltr' id='par_1_2' title="bbox 233 335 1820 428">
     <span class='ocr_line' id='line_1_2' title="bbox 233 335 1820 383; baseline 0.001 -10"><span class='ocrx_word' id='word_1_4' title='bbox 233 336 408 373; x_wconf 86' lang='lat' dir='ltr'><strong>sionibus</strong></span> <span class='ocrx_word' id='word_1_5' title='bbox 445 336 693 383; x_wconf 87' lang='lat' dir='ltr'><strong>confidentes,</strong></span> <span class='ocrx_word' id='word_1_6' title='bbox 727 348 798 373; x_wconf 90' lang='lat' dir='ltr'><strong>nec</strong></span> <span class='ocrx_word' id='word_1_7' title='bbox 835 336 952 373; x_wconf 86' lang='lat' dir='ltr'><strong>minis</strong></span> <span class='ocrx_word' id='word_1_8' title='bbox 987 335 1281 374; x_wconf 86' lang='lat' dir='ltr'><strong>adversantium</strong></span> <span class='ocrx_word' id='word_1_9' title='bbox 1316 348 1389 375; x_wconf 87' lang='lat' dir='ltr'><strong>nec</strong></span> <span class='ocrx_word' id='word_1_10' title='bbox 1424 337 1505 375; x_wconf 83' lang='lat' dir='ltr'><strong>ullo</strong></span> <span class='ocrx_word' id='word_1_11' title='bbox 1542 337 1820 376; x_wconf 65' lang='lat' dir='ltr'>conturbemur</span> 
     </span>
     <span class='ocr_line' id='line_1_3' title="bbox 233 389 548 428; baseline 0 -1"><span class='ocrx_word' id='word_1_12' title='bbox 233 389 404 428; x_wconf 86' lang='lat' dir='ltr'><strong>incursu.</strong></span> <span class='ocrx_word' id='word_1_13' title='bbox 462 390 548 427; x_wconf 85' lang='lat' dir='ltr'><strong>Per.</strong></span> 
     </span>
    </p>
   </div>
   <div class='ocr_carea' id='block_1_3' title="bbox 314 442 1217 600">
    <p class='ocr_par' dir='ltr' id='par_1_3' title="bbox 314 442 1217 600">
     <span class='ocr_line' id='line_1_4' title="bbox 314 442 1156 493; baseline -0.001 -12"><span class='ocrx_word' id='word_1_14' title='bbox 314 444 501 493; x_wconf 77' lang='lat' dir='ltr'><em>Epistola.</em></span> <span class='ocrx_word' id='word_1_15' title='bbox 559 443 706 481; x_wconf 91' lang='lat' dir='ltr'><strong>Beatus</strong></span> <span class='ocrx_word' id='word_1_16' title='bbox 725 443 788 480; x_wconf 83' lang='lat' dir='ltr'><strong>vir</strong></span> <span class='ocrx_word' id='word_1_17' title='bbox 807 443 875 493; x_wconf 87' lang='lat' dir='ltr'><strong>qui</strong></span> <span class='ocrx_word' id='word_1_18' title='bbox 893 443 936 479; x_wconf 89' lang='lat' dir='ltr'><strong>in</strong></span> <span class='ocrx_word' id='word_1_19' title='bbox 955 442 1156 493; x_wconf 71' lang='lat' dir='ltr'>sapientia.</span> 
     </span>
     <span class='ocr_line' id='line_1_5' title="bbox 319 497 790 536; baseline -0.004 -1"><span class='ocrx_word' id='word_1_20' title='bbox 319 497 496 536; x_wconf 73' lang='lat' dir='ltr'><strong>Gradale.</strong></span> <span class='ocrx_word' id='word_1_21' title='bbox 553 497 698 534; x_wconf 84' lang='lat' dir='ltr'><strong>Beatus</strong></span> <span class='ocrx_word' id='word_1_22' title='bbox 717 497 790 534; x_wconf 80' lang='lat' dir='ltr'><strong>vir.</strong></span> 
     </span>
     <span class='ocr_line' id='line_1_6' title="bbox 316 550 1217 600; baseline 0 -12"><span class='ocrx_word' id='word_1_23' title='bbox 316 551 514 600; x_wconf 87' lang='lat' dir='ltr'><strong>Alleluya.</strong></span> <span class='ocrx_word' id='word_1_24' title='bbox 580 551 618 588; x_wconf 84' lang='lat' dir='ltr'><strong>V.</strong></span> <span class='ocrx_word' id='word_1_25' title='bbox 648 551 677 588; x_wconf 85' lang='lat' dir='ltr'><strong>J</strong></span> <span class='ocrx_word' id='word_1_26' title='bbox 678 554 790 587; x_wconf 89' lang='lat' dir='ltr'><strong>ustus</strong></span> <span class='ocrx_word' id='word_1_27' title='bbox 808 563 887 587; x_wconf 92' lang='lat' dir='ltr'><strong>non</strong></span> <span class='ocrx_word' id='word_1_28' title='bbox 906 550 1217 588; x_wconf 72' lang='lat' dir='ltr'><strong>conturbabitur.</strong></span> 
     </span>
    </p>
   </div>
   <div class='ocr_carea' id='block_1_4' title="bbox 316 603 1779 749">
    <p class='ocr_par' dir='ltr' id='par_1_4' title="bbox 316 603 1779 749">
     <span class='ocr_line' id='line_1_7' title="bbox 316 603 1779 654; baseline 0 -13"><span class='ocrx_word' id='word_1_29' title='bbox 316 605 582 653; x_wconf 73' lang='lat' dir='ltr'><strong>Evanyelium.</strong></span> <span class='ocrx_word' id='word_1_30' title='bbox 640 603 861 641; x_wconf 76' lang='lat' dir='ltr'><strong>Secundum</strong></span> <span class='ocrx_word' id='word_1_31' title='bbox 880 604 932 640; x_wconf 84' lang='lat' dir='ltr'><em>M</em></span> <span class='ocrx_word' id='word_1_32' title='bbox 928 603 1120 642; x_wconf 67' lang='lat' dir='ltr'><strong>attlcaeum.</strong></span> <span class='ocrx_word' id='word_1_33' title='bbox 1179 604 1222 641; x_wconf 82' lang='lat' dir='ltr'><strong>Si</strong></span> <span class='ocrx_word' id='word_1_34' title='bbox 1240 604 1327 654; x_wconf 86' lang='lat' dir='ltr'><strong>quis</strong></span> <span class='ocrx_word' id='word_1_35' title='bbox 1345 604 1434 641; x_wconf 85' lang='lat' dir='ltr'><strong>vult</strong></span> <span class='ocrx_word' id='word_1_36' title='bbox 1451 608 1540 654; x_wconf 91' lang='lat' dir='ltr'><strong>post</strong></span> <span class='ocrx_word' id='word_1_37' title='bbox 1557 617 1619 642; x_wconf 90' lang='lat' dir='ltr'><strong>me</strong></span> <span class='ocrx_word' id='word_1_38' title='bbox 1638 604 1779 642; x_wconf 85' lang='lat' dir='ltr'><strong>venire.</strong></span> 
     </span>
     <span class='ocr_line' id='line_1_8' title="bbox 319 657 817 706; baseline -0.004 -10"><span class='ocrx_word' id='word_1_39' title='bbox 319 658 574 706; x_wconf 69' lang='lat' dir='ltr'><strong>Qffertorium.</strong></span> <span class='ocrx_word' id='word_1_40' title='bbox 633 657 817 695; x_wconf 74' lang='lat' dir='ltr'><strong>Posuisti.</strong></span> 
     </span>
     <span class='ocr_line' id='line_1_9' title="bbox 319 711 479 749; baseline 0 0"><span class='ocrx_word' id='word_1_41' title='bbox 319 711 479 749; x_wconf 74' lang='lat' dir='ltr'><strong>Secreta.</strong></span> 
     </span>
    </p>
   </div>
   <div class='ocr_carea' id='block_1_5' title="bbox 238 764 1828 1030">
    <p class='ocr_par' dir='ltr' id='par_1_5' title="bbox 238 764 1826 868">
     <span class='ocr_line' id='line_1_10' title="bbox 320 764 1826 815; baseline -0.001 -13"><span class='ocrx_word' id='word_1_42' title='bbox 320 765 485 811; x_wconf 85' lang='lat' dir='ltr'><strong>Oblatis,</strong></span> <span class='ocrx_word' id='word_1_43' title='bbox 519 764 702 812; x_wconf 85' lang='lat' dir='ltr'><strong>Domine,</strong></span> <span class='ocrx_word' id='word_1_44' title='bbox 732 765 886 815; x_wconf 85' lang='lat' dir='ltr'><strong>placare</strong></span> <span class='ocrx_word' id='word_1_45' title='bbox 917 764 1157 811; x_wconf 81' lang='lat' dir='ltr'><strong>muneribus,</strong></span> <span class='ocrx_word' id='word_1_46' title='bbox 1192 768 1233 802; x_wconf 88' lang='lat' dir='ltr'><strong>et</strong></span> <span class='ocrx_word' id='word_1_47' title='bbox 1268 764 1534 803; x_wconf 72' lang='lat' dir='ltr'><strong>intercedente</strong></span> <span class='ocrx_word' id='word_1_48' title='bbox 1570 766 1684 803; x_wconf 87' lang='lat' dir='ltr'><strong>beato</strong></span> <span class='ocrx_word' id='word_1_49' title='bbox 1720 764 1826 802; x_wconf 83' lang='lat' dir='ltr'><strong>Rufo</strong></span> 
     </span>
     <span class='ocr_line' id='line_1_11' title="bbox 238 818 1353 868; baseline 0.001 -13"><span class='ocrx_word' id='word_1_50' title='bbox 238 823 411 868; x_wconf 83' lang='lat' dir='ltr'><strong>martyre</strong></span> <span class='ocrx_word' id='word_1_51' title='bbox 429 823 511 866; x_wconf 72' lang='lat' dir='ltr'><strong>tuo,</strong></span> <span class='ocrx_word' id='word_1_52' title='bbox 533 832 556 856; x_wconf 87' lang='lat' dir='ltr'><strong>a</strong></span> <span class='ocrx_word' id='word_1_53' title='bbox 574 819 727 856; x_wconf 90' lang='lat' dir='ltr'><strong>cunctis</strong></span> <span class='ocrx_word' id='word_1_54' title='bbox 745 832 816 856; x_wconf 87' lang='lat' dir='ltr'><strong>nos</strong></span> <span class='ocrx_word' id='word_1_55' title='bbox 835 819 997 856; x_wconf 88' lang='lat' dir='ltr'><strong>defende</strong></span> <span class='ocrx_word' id='word_1_56' title='bbox 1015 818 1209 868; x_wconf 87' lang='lat' dir='ltr'><strong>periculis.</strong></span> <span class='ocrx_word' id='word_1_57' title='bbox 1267 819 1353 856; x_wconf 89' lang='lat' dir='ltr'><strong>Per.</strong></span> 
     </span>
    </p>

    <p class='ocr_par' dir='ltr' id='par_1_6' title="bbox 325 873 832 919">
     <span class='ocr_line' id='line_1_12' title="bbox 325 873 832 919; baseline -0.002 -8"><span class='ocrx_word' id='word_1_58' title='bbox 325 873 567 912; x_wconf 68' lang='lat' dir='ltr'><strong>Communia</strong></span> <span class='ocrx_word' id='word_1_59' title='bbox 627 873 707 919; x_wconf 84' lang='lat' dir='ltr'><strong>Qui</strong></span> <span class='ocrx_word' id='word_1_60' title='bbox 724 873 832 910; x_wconf 85' lang='lat' dir='ltr'><strong>mihi.</strong></span> 
     </span>
    </p>

    <p class='ocr_par' dir='ltr' id='par_1_7' title="bbox 321 927 641 965">
     <span class='ocr_line' id='line_1_13' title="bbox 321 927 641 965; baseline 0 -1"><span class='ocrx_word' id='word_1_61' title='bbox 321 927 641 965; x_wconf 73' lang='lat' dir='ltr'><strong>Postcommunio.</strong></span> 
     </span>
    </p>

    <p class='ocr_par' dir='ltr' id='par_1_8' title="bbox 323 979 1828 1030">
     <span class='ocr_line' id='line_1_14' title="bbox 323 979 1828 1030; baseline -0.001 -12"><span class='ocrx_word' id='word_1_62' title='bbox 323 981 553 1018; x_wconf 83' lang='lat' dir='ltr'><strong>Caelestibus</strong></span> <span class='ocrx_word' id='word_1_63' title='bbox 573 981 710 1018; x_wconf 88' lang='lat' dir='ltr'><strong>refecti</strong></span> <span class='ocrx_word' id='word_1_64' title='bbox 728 980 981 1017; x_wconf 80' lang='lat' dir='ltr'><strong>sacramentis</strong></span> <span class='ocrx_word' id='word_1_65' title='bbox 999 984 1038 1016; x_wconf 87' lang='lat' dir='ltr'><strong>et</strong></span> <span class='ocrx_word' id='word_1_66' title='bbox 1056 979 1207 1029; x_wconf 80' lang='lat' dir='ltr'><strong>gaudiis</strong></span> <span class='ocrx_word' id='word_1_67' title='bbox 1227 979 1417 1030; x_wconf 90' lang='lat' dir='ltr'><strong>supplices</strong></span> <span class='ocrx_word' id='word_1_68' title='bbox 1436 983 1476 1017; x_wconf 90' lang='lat' dir='ltr'><strong>te</strong></span> <span class='ocrx_word' id='word_1_69' title='bbox 1495 992 1687 1029; x_wconf 84' lang='lat' dir='ltr'><strong>rogamus,</strong></span> <span class='ocrx_word' id='word_1_70' title='bbox 1708 979 1828 1016; x_wconf 85' lang='lat' dir='ltr'><strong>omni-</strong></span> 
     </span>
    </p>
   </div>
   <div class='ocr_carea' id='block_1_6' title="bbox 241 1033 1830 1126">
    <p class='ocr_par' dir='ltr' id='par_1_9' title="bbox 241 1033 1830 1126">
     <span class='ocr_line' id='line_1_15' title="bbox 241 1033 1830 1085; baseline -0.002 -13"><span class='ocrx_word' id='word_1_71' title='bbox 241 1038 379 1085; x_wconf 85' lang='lat' dir='ltr'><strong>potens</strong></span> <span class='ocrx_word' id='word_1_72' title='bbox 398 1035 518 1081; x_wconf 75' lang='lat' dir='ltr'><strong>Deus,</strong></span> <span class='ocrx_word' id='word_1_73' title='bbox 539 1039 586 1071; x_wconf 89' lang='lat' dir='ltr'><strong>ut</strong></span> <span class='ocrx_word' id='word_1_74' title='bbox 605 1047 771 1083; x_wconf 90' lang='lat' dir='ltr'><strong>quorum</strong></span> <span class='ocrx_word' id='word_1_75' title='bbox 789 1034 1003 1084; x_wconf 85' lang='lat' dir='ltr'><strong>gloriamur</strong></span> <span class='ocrx_word' id='word_1_76' title='bbox 1020 1033 1244 1083; x_wconf 83' lang='lat' dir='ltr'><strong>triumphis,</strong></span> <span class='ocrx_word' id='word_1_77' title='bbox 1265 1037 1517 1083; x_wconf 85' lang='lat' dir='ltr'><strong>protegamur</strong></span> <span class='ocrx_word' id='word_1_78' title='bbox 1534 1033 1701 1071; x_wconf 84' lang='lat' dir='ltr'><strong>auxiliis.</strong></span> <span class='ocrx_word' id='word_1_79' title='bbox 1754 1033 1830 1070; x_wconf 86' lang='lat' dir='ltr'><strong>Per</strong></span> 
     </span>
     <span class='ocr_line' id='line_1_16' title="bbox 242 1089 470 1126; baseline -0.004 0"><span class='ocrx_word' id='word_1_80' title='bbox 242 1089 470 1126; x_wconf 83' lang='lat' dir='ltr'><strong>Dominum.</strong></span> 
     </span>
    </p>
   </div>
   <div class='ocr_carea' id='block_1_7' title="bbox 378 1215 1695 1268">
    <p class='ocr_par' dir='ltr' id='par_1_10' title="bbox 378 1215 1695 1268">
     <span class='ocr_line' id='line_1_17' title="bbox 378 1215 1695 1268; baseline 0 -14"><span class='ocrx_word' id='word_1_81' title='bbox 378 1217 525 1254; x_wconf 81' lang='lat' dir='ltr'><strong>SANCTI</strong></span> <span class='ocrx_word' id='word_1_82' title='bbox 554 1217 801 1263; x_wconf 76' lang='lat' dir='ltr'><strong>AUGUSTINI,</strong></span> <span class='ocrx_word' id='word_1_83' title='bbox 832 1227 1009 1254; x_wconf 76' lang='lat' dir='ltr'><strong>nr1scor1</strong></span> <span class='ocrx_word' id='word_1_84' title='bbox 1039 1228 1088 1253; x_wconf 82' lang='lat' dir='ltr'><strong>ET</strong></span> <span class='ocrx_word' id='word_1_85' title='bbox 1116 1227 1319 1254; x_wconf 77' lang='lat' dir='ltr'><strong>Docroms.</strong></span> <span class='ocrx_word' id='word_1_86' title='bbox 1379 1215 1430 1267; x_wconf 85' lang='lat' dir='ltr'><strong>(v.</strong></span> <span class='ocrx_word' id='word_1_87' title='bbox 1453 1216 1544 1254; x_wconf 80' lang='lat' dir='ltr'><strong>Kal.</strong></span> <span class='ocrx_word' id='word_1_88' title='bbox 1568 1216 1695 1268; x_wconf 84' lang='lat' dir='ltr'><strong>Sept.)</strong></span> 
     </span>
    </p>
   </div>
   <div class='ocr_carea' id='block_1_8' title="bbox 327 1312 777 1404">
    <p class='ocr_par' dir='ltr' id='par_1_11' title="bbox 327 1312 777 1404">
     <span class='ocr_line' id='line_1_18' title="bbox 327 1312 777 1361; baseline -0.002 -10"><span class='ocrx_word' id='word_1_89' title='bbox 327 1313 510 1361; x_wconf 81' lang='lat' dir='ltr'><strong>Officium.</strong></span> <span class='ocrx_word' id='word_1_90' title='bbox 569 1314 621 1351; x_wconf 89' lang='lat' dir='ltr'><strong>In</strong></span> <span class='ocrx_word' id='word_1_91' title='bbox 639 1312 777 1350; x_wconf 87' lang='lat' dir='ltr'><strong>medio.</strong></span> 
     </span>
     <span class='ocr_line' id='line_1_19' title="bbox 333 1367 473 1404; baseline -0.007 0"><span class='ocrx_word' id='word_1_92' title='bbox 333 1367 473 1404; x_wconf 77' lang='lat' dir='ltr'><strong>Oratio.</strong></span> 
     </span>
    </p>
   </div>
   <div class='ocr_carea' id='block_1_9' title="bbox 246 1420 1834 1525">
    <p class='ocr_par' dir='ltr' id='par_1_12' title="bbox 246 1420 1834 1525">
     <span class='ocr_line' id='line_1_20' title="bbox 325 1420 1832 1469; baseline -0.001 -12"><span class='ocrx_word' id='word_1_93' title='bbox 325 1420 477 1457; x_wconf 86' lang='lat' dir='ltr'><strong>Adesto</strong></span> <span class='ocrx_word' id='word_1_94' title='bbox 492 1420 844 1469; x_wconf 84' lang='lat' dir='ltr'><strong>supplicationibus</strong></span> <span class='ocrx_word' id='word_1_95' title='bbox 862 1421 1018 1467; x_wconf 85' lang='lat' dir='ltr'><strong>nostris,</strong></span> <span class='ocrx_word' id='word_1_96' title='bbox 1035 1421 1283 1469; x_wconf 88' lang='lat' dir='ltr'><strong>omnipotens</strong></span> <span class='ocrx_word' id='word_1_97' title='bbox 1303 1420 1422 1467; x_wconf 86' lang='lat' dir='ltr'><strong>Deus,</strong></span> <span class='ocrx_word' id='word_1_98' title='bbox 1436 1424 1476 1457; x_wconf 92' lang='lat' dir='ltr'><strong>et</strong></span> <span class='ocrx_word' id='word_1_99' title='bbox 1490 1420 1632 1469; x_wconf 87' lang='lat' dir='ltr'><strong>quibus</strong></span> <span class='ocrx_word' id='word_1_100' title='bbox 1650 1420 1832 1457; x_wconf 88' lang='lat' dir='ltr'><strong>fiduciam</strong></span> 
     </span>
     <span class='ocr_line' id='line_1_21' title="bbox 246 1474 1834 1525; baseline -0.001 -13"><span class='ocrx_word' id='word_1_101' title='bbox 246 1474 444 1525; x_wconf 85' lang='lat' dir='ltr'><strong>sperandae</strong></span> <span class='ocrx_word' id='word_1_102' title='bbox 473 1474 633 1524; x_wconf 87' lang='lat' dir='ltr'><strong>pietatis</strong></span> <span class='ocrx_word' id='word_1_103' title='bbox 660 1474 849 1525; x_wconf 85' lang='lat' dir='ltr'><strong>indulges,</strong></span> <span class='ocrx_word' id='word_1_104' title='bbox 869 1474 1135 1511; x_wconf 84' lang='lat' dir='ltr'><strong>intercedente</strong></span> <span class='ocrx_word' id='word_1_105' title='bbox 1154 1475 1267 1511; x_wconf 89' lang='lat' dir='ltr'><strong>beato</strong></span> <span class='ocrx_word' id='word_1_106' title='bbox 1286 1474 1511 1523; x_wconf 85' lang='lat' dir='ltr'><strong>Augustino</strong></span> <span class='ocrx_word' id='word_1_107' title='bbox 1530 1474 1746 1511; x_wconf 84' lang='lat' dir='ltr'><strong>confessore</strong></span> <span class='ocrx_word' id='word_1_108' title='bbox 1764 1478 1834 1511; x_wconf 88' lang='lat' dir='ltr'><strong>tuo</strong></span> 
     </span>
    </p>
   </div>
   <div class='ocr_carea' id='block_1_10' title="bbox 247 1527 1834 1620">
    <p class='ocr_par' dir='ltr' id='par_1_13' title="bbox 247 1527 1834 1620">
     <span class='ocr_line' id='line_1_22' title="bbox 247 1527 1834 1578; baseline -0.001 -13"><span class='ocrx_word' id='word_1_109' title='bbox 247 1534 365 1578; x_wconf 85' lang='lat' dir='ltr'><strong>atque</strong></span> <span class='ocrx_word' id='word_1_110' title='bbox 393 1528 587 1577; x_wconf 84' lang='lat' dir='ltr'><strong>pontifice,</strong></span> <span class='ocrx_word' id='word_1_111' title='bbox 618 1533 811 1565; x_wconf 75' lang='lat' dir='ltr'><strong>consuetae</strong></span> <span class='ocrx_word' id='word_1_112' title='bbox 837 1528 1110 1565; x_wconf 73' lang='lat' dir='ltr'><strong>misericordiae</strong></span> <span class='ocrx_word' id='word_1_113' title='bbox 1134 1529 1263 1565; x_wconf 86' lang='lat' dir='ltr'><strong>tribue</strong></span> <span class='ocrx_word' id='word_1_114' title='bbox 1288 1528 1481 1578; x_wconf 87' lang='lat' dir='ltr'><strong>benignus</strong></span> <span class='ocrx_word' id='word_1_115' title='bbox 1508 1528 1699 1565; x_wconf 86' lang='lat' dir='ltr'><strong>effectum.</strong></span> <span class='ocrx_word' id='word_1_116' title='bbox 1757 1527 1834 1564; x_wconf 89' lang='lat' dir='ltr'><strong>Per</strong></span> 
     </span>
     <span class='ocr_line' id='line_1_23' title="bbox 248 1582 476 1620; baseline -0.009 0"><span class='ocrx_word' id='word_1_117' title='bbox 248 1582 476 1620; x_wconf 80' lang='lat' dir='ltr'><strong>Dominum.</strong></span> 
     </span>
    </p>
   </div>
   <div class='ocr_carea' id='block_1_11' title="bbox 328 1636 936 1673">
    <p class='ocr_par' dir='ltr' id='par_1_14' title="bbox 328 1636 936 1673">
     <span class='ocr_line' id='line_1_24' title="bbox 328 1636 936 1673; baseline 0.002 -1"><span class='ocrx_word' id='word_1_118' title='bbox 328 1636 521 1673; x_wconf 71' lang='lat' dir='ltr'><strong>Memoria</strong></span> <span class='ocrx_word' id='word_1_119' title='bbox 539 1636 584 1673; x_wconf 82' lang='lat' dir='ltr'><strong>cle</strong></span> <span class='ocrx_word' id='word_1_120' title='bbox 603 1642 732 1673; x_wconf 70' lang='lat' dir='ltr'><strong>sancto</strong></span> <span class='ocrx_word' id='word_1_121' title='bbox 751 1636 936 1673; x_wconf 73' lang='lat' dir='ltr'><strong>Hermete.</strong></span> 
     </span>
    </p>
   </div>
   <div class='ocr_carea' id='block_1_12' title="bbox 329 1689 1402 1899">
    <p class='ocr_par' dir='ltr' id='par_1_15' title="bbox 329 1689 1402 1782">
     <span class='ocr_line' id='line_1_25' title="bbox 329 1689 1402 1739; baseline 0 -13"><span class='ocrx_word' id='word_1_122' title='bbox 329 1689 516 1738; x_wconf 71' lang='lat' dir='ltr'><strong>Epistola.</strong></span> <span class='ocrx_word' id='word_1_123' title='bbox 575 1690 675 1726; x_wconf 88' lang='lat' dir='ltr'><strong>Ecce</strong></span> <span class='ocrx_word' id='word_1_124' title='bbox 694 1690 870 1727; x_wconf 89' lang='lat' dir='ltr'><strong>sacerdos</strong></span> <span class='ocrx_word' id='word_1_125' title='bbox 889 1702 1052 1739; x_wconf 83' lang='lat' dir='ltr'><strong>magnus</strong></span> <span class='ocrx_word' id='word_1_126' title='bbox 1072 1689 1141 1739; x_wconf 91' lang='lat' dir='ltr'><strong>qui</strong></span> <span class='ocrx_word' id='word_1_127' title='bbox 1159 1689 1202 1725; x_wconf 93' lang='lat' dir='ltr'><strong>in</strong></span> <span class='ocrx_word' id='word_1_128' title='bbox 1221 1690 1305 1726; x_wconf 89' lang='lat' dir='ltr'><strong>vita</strong></span> <span class='ocrx_word' id='word_1_129' title='bbox 1323 1702 1402 1726; x_wconf 86' lang='lat' dir='ltr'><strong>sua.</strong></span> 
     </span>
     <span class='ocr_line' id='line_1_26' title="bbox 333 1743 875 1782; baseline 0 -2"><span class='ocrx_word' id='word_1_130' title='bbox 333 1743 511 1782; x_wconf 71' lang='lat' dir='ltr'><strong>Gradale.</strong></span> <span class='ocrx_word' id='word_1_131' title='bbox 571 1743 670 1780; x_wconf 88' lang='lat' dir='ltr'><strong>Ecce</strong></span> <span class='ocrx_word' id='word_1_132' title='bbox 690 1744 875 1780; x_wconf 85' lang='lat' dir='ltr'><strong>sacerdos.</strong></span> 
     </span>
    </p>

    <p class='ocr_par' dir='ltr' id='par_1_16' title="bbox 330 1797 1049 1847">
     <span class='ocr_line' id='line_1_27' title="bbox 330 1797 1049 1847; baseline 0 -14"><span class='ocrx_word' id='word_1_133' title='bbox 330 1797 527 1846; x_wconf 85' lang='lat' dir='ltr'><strong>Alleluya.</strong></span> <span class='ocrx_word' id='word_1_134' title='bbox 594 1798 631 1835; x_wconf 85' lang='lat' dir='ltr'><strong>V.</strong></span> <span class='ocrx_word' id='word_1_135' title='bbox 663 1798 783 1834; x_wconf 88' lang='lat' dir='ltr'><strong>Posui</strong></span> <span class='ocrx_word' id='word_1_136' title='bbox 801 1797 1049 1847; x_wconf 84' lang='lat' dir='ltr'><strong>adjutorium.</strong></span> 
     </span>
    </p>

    <p class='ocr_par' dir='ltr' id='par_1_17' title="bbox 331 1850 1238 1899">
     <span class='ocr_line' id='line_1_28' title="bbox 331 1850 1238 1899; baseline -0.001 -11"><span class='ocrx_word' id='word_1_137' title='bbox 331 1851 546 1899; x_wconf 70' lang='lat' dir='ltr'><strong>Sequentia.</strong></span> <span class='ocrx_word' id='word_1_138' title='bbox 605 1851 733 1888; x_wconf 87' lang='lat' dir='ltr'><strong>Adest</strong></span> <span class='ocrx_word' id='word_1_139' title='bbox 750 1851 874 1898; x_wconf 88' lang='lat' dir='ltr'><strong>nobis,</strong></span> <span class='ocrx_word' id='word_1_140' title='bbox 894 1856 938 1888; x_wconf 70' lang='lat' dir='ltr'><strong>ut</strong></span> <span class='ocrx_word' id='word_1_141' title='bbox 957 1851 1001 1887; x_wconf 72' lang='lat' dir='ltr'><strong>in</strong></span> <span class='ocrx_word' id='word_1_142' title='bbox 1022 1850 1238 1888; x_wconf 72' lang='lat' dir='ltr'><strong>Communi.</strong></span> 
     </span>
    </p>
   </div>
   <div class='ocr_carea' id='block_1_13' title="bbox 333 1904 1107 1997">
    <p class='ocr_par' dir='ltr' id='par_1_18' title="bbox 333 1904 1107 1997">
     <span class='ocr_line' id='line_1_29' title="bbox 333 1904 1107 1954; baseline -0.003 -12"><span class='ocrx_word' id='word_1_143' title='bbox 333 1905 597 1954; x_wconf 63' lang='lat' dir='ltr'><strong>E‘vanyelium.</strong></span> <span class='ocrx_word' id='word_1_144' title='bbox 656 1905 741 1942; x_wconf 84' lang='lat' dir='ltr'><strong>Vos</strong></span> <span class='ocrx_word' id='word_1_145' title='bbox 760 1905 851 1942; x_wconf 91' lang='lat' dir='ltr'><strong>estis</strong></span> <span class='ocrx_word' id='word_1_146' title='bbox 871 1905 941 1941; x_wconf 76' lang='lat' dir='ltr'><strong>lux</strong></span> <span class='ocrx_word' id='word_1_147' title='bbox 959 1904 1107 1941; x_wconf 87' lang='lat' dir='ltr'><strong>mundi.</strong></span> 
     </span>
     <span class='ocr_line' id='line_1_30' title="bbox 334 1960 469 1997; baseline -0.007 0"><span class='ocrx_word' id='word_1_148' title='bbox 334 1960 469 1997; x_wconf 83' lang='lat' dir='ltr'><strong>Credo.</strong></span> 
     </span>
    </p>
   </div>
   <div class='ocr_carea' id='block_1_14' title="bbox 334 2012 1840 2168">
    <p class='ocr_par' dir='ltr' id='par_1_19' title="bbox 334 2012 1840 2168">
     <span class='ocr_line' id='line_1_31' title="bbox 336 2012 819 2063; baseline -0.004 -11"><span class='ocrx_word' id='word_1_149' title='bbox 336 2013 592 2063; x_wconf 71' lang='lat' dir='ltr'><strong>Offlrtorium.</strong></span> <span class='ocrx_word' id='word_1_150' title='bbox 651 2012 819 2050; x_wconf 85' lang='lat' dir='ltr'><strong>Veritas.</strong></span> 
     </span>
     <span class='ocr_line' id='line_1_32' title="bbox 334 2068 493 2106; baseline -0.019 0"><span class='ocrx_word' id='word_1_151' title='bbox 334 2068 493 2106; x_wconf 78' lang='lat' dir='ltr'><strong>Secreta.</strong></span> 
     </span>
     <span class='ocr_line' id='line_1_33' title="bbox 336 2117 1840 2168; baseline -0.003 -10"><span class='ocrx_word' id='word_1_152' title='bbox 336 2122 469 2159; x_wconf 81' lang='lat' dir='ltr'><strong>Sancti</strong></span> <span class='ocrx_word' id='word_1_153' title='bbox 499 2120 725 2157; x_wconf 87' lang='lat' dir='ltr'><strong>confessoris</strong></span> <span class='ocrx_word' id='word_1_154' title='bbox 747 2119 808 2156; x_wconf 85' lang='lat' dir='ltr'><strong>tui</strong></span> <span class='ocrx_word' id='word_1_155' title='bbox 828 2118 1056 2168; x_wconf 81' lang='lat' dir='ltr'><strong>Augustini,</strong></span> <span class='ocrx_word' id='word_1_156' title='bbox 1078 2118 1258 2165; x_wconf 86' lang='lat' dir='ltr'><strong>Domine,</strong></span> <span class='ocrx_word' id='word_1_157' title='bbox 1279 2118 1344 2167; x_wconf 89' lang='lat' dir='ltr'><strong>pia</strong></span> <span class='ocrx_word' id='word_1_158' title='bbox 1363 2130 1442 2154; x_wconf 88' lang='lat' dir='ltr'><strong>non</strong></span> <span class='ocrx_word' id='word_1_159' title='bbox 1461 2117 1561 2153; x_wconf 87' lang='lat' dir='ltr'><strong>desit</strong></span> <span class='ocrx_word' id='word_1_160' title='bbox 1580 2117 1702 2154; x_wconf 88' lang='lat' dir='ltr'><strong>oratio</strong></span> <span class='ocrx_word' id='word_1_161' title='bbox 1716 2131 1727 2164; x_wconf 78' lang='lat'><em>3</em></span> <span class='ocrx_word' id='word_1_162' title='bbox 1756 2130 1840 2166; x_wconf 84' lang='lat' dir='ltr'><strong>quae</strong></span> 
     </span>
    </p>
   </div>
   <div class='ocr_carea' id='block_1_15' title="bbox 256 2171 1842 2266">
    <p class='ocr_par' dir='ltr' id='par_1_20' title="bbox 256 2171 1842 2266">
     <span class='ocr_line' id='line_1_34' title="bbox 256 2171 1842 2221; baseline -0.003 -9"><span class='ocrx_word' id='word_1_163' title='bbox 256 2180 295 2212; x_wconf 90' lang='lat' dir='ltr'><strong>et</strong></span> <span class='ocrx_word' id='word_1_164' title='bbox 326 2188 490 2212; x_wconf 82' lang='lat' dir='ltr'><strong>munera</strong></span> <span class='ocrx_word' id='word_1_165' title='bbox 522 2178 655 2211; x_wconf 79' lang='lat' dir='ltr'><strong>nostra</strong></span> <span class='ocrx_word' id='word_1_166' title='bbox 686 2173 761 2210; x_wconf 86' lang='lat' dir='ltr'><strong>tibi</strong></span> <span class='ocrx_word' id='word_1_167' title='bbox 793 2173 983 2220; x_wconf 86' lang='lat' dir='ltr'><strong>conciliet,</strong></span> <span class='ocrx_word' id='word_1_168' title='bbox 1014 2177 1052 2209; x_wconf 79' lang='lat' dir='ltr'><strong>et</strong></span> <span class='ocrx_word' id='word_1_169' title='bbox 1085 2177 1195 2209; x_wconf 86' lang='lat' dir='ltr'><strong>tuam</strong></span> <span class='ocrx_word' id='word_1_170' title='bbox 1230 2172 1341 2209; x_wconf 87' lang='lat' dir='ltr'><strong>nobis</strong></span> <span class='ocrx_word' id='word_1_171' title='bbox 1373 2171 1656 2221; x_wconf 85' lang='lat' dir='ltr'><strong>indulgentiam</strong></span> <span class='ocrx_word' id='word_1_172' title='bbox 1693 2184 1842 2220; x_wconf 87' lang='lat' dir='ltr'><strong>semper</strong></span> 
     </span>
     <span class='ocr_line' id='line_1_35' title="bbox 257 2228 586 2266; baseline -0.006 0"><span class='ocrx_word' id='word_1_173' title='bbox 257 2230 442 2266; x_wconf 78' lang='lat' dir='ltr'><strong>obtineat,</strong></span> <span class='ocrx_word' id='word_1_174' title='bbox 501 2228 586 2265; x_wconf 87' lang='lat' dir='ltr'><strong>Per.</strong></span> 
     </span>
    </p>
   </div>
   <div class='ocr_carea' id='block_1_16' title="bbox 337 2281 1843 2436">
    <p class='ocr_par' dir='ltr' id='par_1_21' title="bbox 337 2281 1843 2436">
     <span class='ocr_line' id='line_1_36' title="bbox 339 2281 944 2322; baseline -0.008 -1"><span class='ocrx_word' id='word_1_175' title='bbox 339 2282 576 2322; x_wconf 76' lang='lat' dir='ltr'><strong>Communio.</strong></span> <span class='ocrx_word' id='word_1_176' title='bbox 635 2281 780 2318; x_wconf 87' lang='lat' dir='ltr'><strong>Fidelis</strong></span> <span class='ocrx_word' id='word_1_177' title='bbox 799 2294 944 2317; x_wconf 89' lang='lat' dir='ltr'><strong>servus.</strong></span> 
     </span>
     <span class='ocr_line' id='line_1_37' title="bbox 337 2333 681 2374; baseline -0.003 0"><span class='ocrx_word' id='word_1_178' title='bbox 337 2333 681 2374; x_wconf 58' lang='lat' dir='ltr'><strong>Postcommamioe’÷</strong></span> 
     </span>
     <span class='ocr_line' id='line_1_38' title="bbox 339 2386 1843 2436; baseline -0.004 -9"><span class='ocrx_word' id='word_1_179' title='bbox 339 2391 400 2428; x_wconf 88' lang='lat' dir='ltr'><strong>Ut</strong></span> <span class='ocrx_word' id='word_1_180' title='bbox 433 2390 555 2436; x_wconf 83' lang='lat' dir='ltr'><strong>nobis,</strong></span> <span class='ocrx_word' id='word_1_181' title='bbox 587 2389 765 2435; x_wconf 84' lang='lat' dir='ltr'><strong>Domine,</strong></span> <span class='ocrx_word' id='word_1_182' title='bbox 796 2393 865 2425; x_wconf 84' lang='lat' dir='ltr'><strong>tua</strong></span> <span class='ocrx_word' id='word_1_183' title='bbox 894 2387 1079 2424; x_wconf 83' lang='lat' dir='ltr'><strong>sacrificia</strong></span> <span class='ocrx_word' id='word_1_184' title='bbox 1103 2387 1197 2424; x_wconf 88' lang='lat' dir='ltr'><strong>dent</strong></span> <span class='ocrx_word' id='word_1_185' title='bbox 1225 2387 1399 2432; x_wconf 83' lang='lat' dir='ltr'><strong>salutem,</strong></span> <span class='ocrx_word' id='word_1_186' title='bbox 1430 2387 1567 2423; x_wconf 85' lang='lat' dir='ltr'><strong>beatus</strong></span> <span class='ocrx_word' id='word_1_187' title='bbox 1599 2386 1843 2434; x_wconf 83' lang='lat' dir='ltr'><strong>Augustinus</strong></span> 
     </span>
    </p>
   </div>
   <div class='ocr_carea' id='block_1_17' title="bbox 259 2439 1845 2536">
    <p class='ocr_par' dir='ltr' id='par_1_22' title="bbox 259 2439 1845 2536">
     <span class='ocr_line' id='line_1_39' title="bbox 259 2439 1845 2491; baseline -0.004 -10"><span class='ocrx_word' id='word_1_188' title='bbox 259 2444 452 2481; x_wconf 83' lang='lat' dir='ltr'><strong>confessor</strong></span> <span class='ocrx_word' id='word_1_189' title='bbox 496 2449 588 2480; x_wconf 88' lang='lat' dir='ltr'><strong>tuus</strong></span> <span class='ocrx_word' id='word_1_190' title='bbox 634 2447 750 2491; x_wconf 83' lang='lat' dir='ltr'><strong>atque</strong></span> <span class='ocrx_word' id='word_1_191' title='bbox 796 2441 985 2491; x_wconf 80' lang='lat' dir='ltr'><strong>pontifex,</strong></span> <span class='ocrx_word' id='word_1_192' title='bbox 1032 2454 1260 2490; x_wconf 80' lang='lat' dir='ltr'><strong>quaesumuS,</strong></span> <span class='ocrx_word' id='word_1_193' title='bbox 1309 2445 1484 2490; x_wconf 86' lang='lat' dir='ltr'><strong>precator</strong></span> <span class='ocrx_word' id='word_1_194' title='bbox 1528 2439 1692 2476; x_wconf 81' lang='lat' dir='ltr'><strong>accedat.</strong></span> <span class='ocrx_word' id='word_1_195' title='bbox 1769 2439 1845 2476; x_wconf 87' lang='lat' dir='ltr'><strong>Per</strong></span> 
     </span>
     <span class='ocr_line' id='line_1_40' title="bbox 260 2498 485 2536; baseline 0.004 -1"><span class='ocrx_word' id='word_1_196' title='bbox 260 2498 485 2536; x_wconf 86' lang='lat' dir='ltr'><strong>Dominum.</strong></span> 
     </span>
    </p>
   </div>
   <div class='ocr_carea' id='block_1_18' title="bbox 409 2627 1692 2679">
    <p class='ocr_par' dir='ltr' id='par_1_23' title="bbox 409 2627 1692 2679">
     <span class='ocr_line' id='line_1_41' title="bbox 409 2627 1692 2679; baseline -0.003 -11"><span class='ocrx_word' id='word_1_197' title='bbox 409 2632 555 2668; x_wconf 77' lang='lat' dir='ltr'>EODEM</span> <span class='ocrx_word' id='word_1_198' title='bbox 584 2642 654 2667; x_wconf 84' lang='lat' dir='ltr'><strong>DIE</strong></span> <span class='ocrx_word' id='word_1_199' title='bbox 683 2641 821 2668; x_wconf 78' lang='lat' dir='ltr'><strong>SANCTI</strong></span> <span class='ocrx_word' id='word_1_200' title='bbox 851 2630 1078 2676; x_wconf 81' lang='lat' dir='ltr'><strong>HERMETIS,</strong></span> <span class='ocrx_word' id='word_1_201' title='bbox 1110 2640 1323 2666; x_wconf 80' lang='lat' dir='ltr'><strong>MARTYRIS.</strong></span> <span class='ocrx_word' id='word_1_202' title='bbox 1381 2629 1430 2679; x_wconf 79' lang='lat' dir='ltr'><strong>(v.</strong></span> <span class='ocrx_word' id='word_1_203' title='bbox 1455 2628 1545 2664; x_wconf 82' lang='lat' dir='ltr'><strong>Kal.</strong></span> <span class='ocrx_word' id='word_1_204' title='bbox 1569 2627 1692 2677; x_wconf 82' lang='lat' dir='ltr'><strong>Sept.)</strong></span> 
     </span>
    </p>
   </div>
   <div class='ocr_carea' id='block_1_19' title="bbox 345 2731 1156 2823">
    <p class='ocr_par' dir='ltr' id='par_1_24' title="bbox 345 2731 1156 2823">
     <span class='ocr_line' id='line_1_42' title="bbox 345 2731 1156 2780; baseline -0.002 -11"><span class='ocrx_word' id='word_1_205' title='bbox 345 2732 529 2780; x_wconf 67' lang='lat' dir='ltr'><strong>Officium.</strong></span> <span class='ocrx_word' id='word_1_206' title='bbox 587 2732 615 2769; x_wconf 82' lang='lat' dir='ltr'>J</span> <span class='ocrx_word' id='word_1_207' title='bbox 618 2736 728 2768; x_wconf 89' lang='lat' dir='ltr'><strong>ustus</strong></span> <span class='ocrx_word' id='word_1_208' title='bbox 748 2744 827 2768; x_wconf 91' lang='lat' dir='ltr'><strong>non</strong></span> <span class='ocrx_word' id='word_1_209' title='bbox 846 2731 1156 2768; x_wconf 86' lang='lat' dir='ltr'><strong>conturbabitur.</strong></span> 
     </span>
     <span class='ocr_line' id='line_1_43' title="bbox 347 2786 490 2823; baseline -0.007 0"><span class='ocrx_word' id='word_1_210' title='bbox 347 2786 490 2823; x_wconf 72' lang='lat' dir='ltr'><strong>Oratio.</strong></span> 
     </span>
    </p>
   </div>
   <div class='ocr_carea' id='block_1_20' title="bbox 344 2836 1845 2888">
    <p class='ocr_par' dir='ltr' id='par_1_25' title="bbox 344 2836 1845 2888">
     <span class='ocr_line' id='line_1_44' title="bbox 344 2836 1845 2888; baseline -0.002 -12"><span class='ocrx_word' id='word_1_211' title='bbox 344 2840 462 2886; x_wconf 82' lang='lat' dir='ltr'><strong>Deus,</strong></span> <span class='ocrx_word' id='word_1_212' title='bbox 483 2839 551 2888; x_wconf 76' lang='lat' dir='ltr'><strong>qui</strong></span> <span class='ocrx_word' id='word_1_213' title='bbox 569 2839 727 2875; x_wconf 78' lang='lat' dir='ltr'><strong>beatum</strong></span> <span class='ocrx_word' id='word_1_214' title='bbox 747 2838 979 2875; x_wconf 87' lang='lat' dir='ltr'><strong>Hermetem</strong></span> <span class='ocrx_word' id='word_1_215' title='bbox 999 2842 1209 2887; x_wconf 79' lang='lat' dir='ltr'><strong>martyrem</strong></span> <span class='ocrx_word' id='word_1_216' title='bbox 1237 2841 1351 2873; x_wconf 89' lang='lat' dir='ltr'><strong>tuum</strong></span> <span class='ocrx_word' id='word_1_217' title='bbox 1379 2836 1529 2872; x_wconf 83' lang='lat' dir='ltr'><strong>Virtute</strong></span> <span class='ocrx_word' id='word_1_218' title='bbox 1556 2837 1785 2873; x_wconf 83' lang='lat' dir='ltr'><strong>constantiae</strong></span> <span class='ocrx_word' id='word_1_219' title='bbox 1804 2837 1845 2873; x_wconf 88' lang='lat' dir='ltr'><strong>in</strong></span> 
     </span>
    </p>
   </div>
   <div class='ocr_carea' id='block_1_21' title="bbox 266 2937 1847 3018">
    <p class='ocr_par' dir='ltr' id='par_1_26' title="bbox 266 2937 1847 3018">
     <span class='ocr_line' id='line_1_45' title="bbox 345 2937 1847 2977; baseline -0.001 -8"><span class='ocrx_word' id='word_1_220' title='bbox 345 2941 360 2956; x_wconf 53' lang='lat'>³</span> <span class='ocrx_word' id='word_1_221' title='bbox 383 2941 451 2969; x_wconf 76' lang='lat' dir='ltr'><strong>MS.</strong></span> <span class='ocrx_word' id='word_1_222' title='bbox 468 2940 726 2976; x_wconf 79' lang='lat' dir='ltr'><strong>D.—Sumentes,</strong></span> <span class='ocrx_word' id='word_1_223' title='bbox 742 2940 885 2975; x_wconf 70' lang='lat' dir='ltr'><strong>Domino,</strong></span> <span class='ocrx_word' id='word_1_224' title='bbox 900 2940 1053 2969; x_wconf 84' lang='lat' dir='ltr'><strong>salutaria</strong></span> <span class='ocrx_word' id='word_1_225' title='bbox 1067 2942 1260 2969; x_wconf 81' lang='lat' dir='ltr'><strong>sacramenta</strong></span> <span class='ocrx_word' id='word_1_226' title='bbox 1274 2947 1463 2977; x_wconf 66' lang='lat' dir='ltr'><strong>quaesumus,</strong></span> <span class='ocrx_word' id='word_1_227' title='bbox 1477 2939 1513 2965; x_wconf 86' lang='lat' dir='ltr'><strong>ut</strong></span> <span class='ocrx_word' id='word_1_228' title='bbox 1527 2938 1593 2975; x_wconf 82' lang='lat' dir='ltr'><strong>ejus</strong></span> <span class='ocrx_word' id='word_1_229' title='bbox 1612 2937 1734 2966; x_wconf 84' lang='lat' dir='ltr'><strong>tribuas</strong></span> <span class='ocrx_word' id='word_1_230' title='bbox 1754 2937 1847 2967; x_wconf 84' lang='lat' dir='ltr'><strong>nobis</strong></span> 
     </span>
     <span class='ocr_line' id='line_1_46' title="bbox 266 2977 1574 3018; baseline -0.003 -9"><span class='ocrx_word' id='word_1_231' title='bbox 266 2980 416 3018; x_wconf 86' lang='lat' dir='ltr'><strong>subsequi</strong></span> <span class='ocrx_word' id='word_1_232' title='bbox 431 2981 626 3016; x_wconf 81' lang='lat' dir='ltr'><strong>documenta,</strong></span> <span class='ocrx_word' id='word_1_233' title='bbox 641 2980 731 3017; x_wconf 82' lang='lat' dir='ltr'><strong>cujus</strong></span> <span class='ocrx_word' id='word_1_234' title='bbox 745 2979 938 3008; x_wconf 80' lang='lat' dir='ltr'><strong>celebramus</strong></span> <span class='ocrx_word' id='word_1_235' title='bbox 953 2979 1092 3016; x_wconf 82' lang='lat' dir='ltr'><strong>gloriosa</strong></span> <span class='ocrx_word' id='word_1_236' title='bbox 1106 2979 1276 3008; x_wconf 78' lang='lat' dir='ltr'><strong>sollemnia.</strong></span> <span class='ocrx_word' id='word_1_237' title='bbox 1319 2978 1380 3007; x_wconf 82' lang='lat' dir='ltr'><strong>Per</strong></span> <span class='ocrx_word' id='word_1_238' title='bbox 1395 2977 1574 3006; x_wconf 85' lang='lat' dir='ltr'><strong>Dominum.</strong></span> 
     </span>
    </p>
   </div>
  </div>
 </body>
</html>
