1979 3348
233 276 256 315 10

264 276 281 314 μ-ι

291 276 314 315 Ν)

665 274 722 315 In
760 273 1177 329 Transfiyuratione
1206 274 1405 317 Domini.

498 385 666 435 Propter
684 385 985 434 insuperabilem
1006 384 1152 434 eloquii
1172 385 1431 423 constantiam

500 439 720 476 Domitiani
741 439 902 475 Caesaris
922 443 1056 488 raptus
1074 451 1144 488 per
1162 438 1415 486 iracundiam,

606 493 717 530 Dura
736 492 857 529 subiit
877 493 1024 529 exsilia.

499 547 550 583 In
570 546 731 583 Patmos
754 546 1030 595 Apocalypsim
1051 546 1206 596 scripsit
1225 546 1272 583 de
1293 546 1477 589 Ecclesia,

498 601 560 637 De
579 604 685 637 statu
706 601 789 649 ejus
808 601 1003 649 praesenti,
1026 600 1258 637 Sanctorum
1279 604 1318 636 et
1336 600 1459 650 gloria

605 654 657 690 In
677 654 820 690 caelesti
840 654 956 690 curia.

499 707 697 757 Ephesum
717 712 806 757 post
825 720 913 744 cum
932 707 1049 744 rediit
1069 707 1276 744 suscitavit
1296 707 1466 754 viduam,

496 762 687 798 Animam
707 761 961 798 adolescentis
980 762 1180 798 revocavit
1199 766 1391 798 mortuam
1410 776 1420 809 3

606 816 638 852 Ο
660 819 807 865 quanta
827 815 1044 853 clementia.

498 869 706 906 Cratonem
727 869 1001 919 philosophum
1020 870 1146 906 traxit
1166 870 1215 906 ab
1234 869 1465 915 idololatria,

497 923 558 960 De
577 923 699 960 stulto
718 923 856 960 mundi
876 928 1104 973 contemptu
1124 924 1173 960 ad.
1192 924 1389 960 virtutum
1409 922 1539 959 studia
1549 937 1559 969 ,·

606 977 639 1014 O
660 982 809 1026 quantu
828 977 1000 1016 scientia.

497 1030 612 1077 Saxa,
634 1031 774 1080 virgas,
796 1045 947 1077 aurum,
969 1045 1152 1081 gemmas,
1173 1032 1283 1068 varia
1302 1044 1371 1080 per
1390 1031 1552 1081 imperia

496 1085 673 1121 Mutavit
693 1089 732 1121 et
751 1085 978 1122 reformavit
996 1086 1039 1122 in
1058 1090 1201 1123 natura
1221 1085 1378 1135 propria
1393 1099 1402 1131 3

605 1140 638 1175 O
659 1139 758 1175 mira
776 1139 963 1188 potentia.

494 1192 690 1229 Homines
709 1205 860 1229 veneno
879 1193 1017 1229 mortis
1036 1206 1235 1242 perpessos
1255 1192 1460 1243 naufragia

495 1246 575 1283 Hic
594 1246 735 1283 illaesos
754 1246 951 1295 reparavit
969 1247 1019 1284 ad
1037 1247 1130 1284 vitae
1150 1247 1329 1296 praesidia

603 1300 682 1336 Sua
701 1313 770 1349 per
788 1300 982 1349 suffragia.

496 1353 634 1391 Carnis
653 1354 754 1390 liber
772 1367 795 1390 a
814 1354 944 1391 dolore
964 1354 1065 1391 sicut
1083 1367 1107 1391 a
1126 1353 1299 1400 lascivia,

494 1408 562 1445 Ab
582 1408 651 1444 illo
672 1420 788 1458 quem
807 1407 1006 1458 diligebat,
1029 1408 1267 1445 transfertur
1286 1408 1328 1444 in
1346 1407 1481 1458 gloria,

602 1461 663 1499 De
683 1461 791 1498 omni
809 1462 1000 1512 angustia.

495 1516 595 1553 Cum
615 1529 692 1565 quo
711 1520 849 1565 regnat
869 1520 1075 1553 coronatus
1095 1516 1328 1565 triumphali
1346 1516 1492 1562 laurea,

492 1571 534 1607 A
553 1583 630 1620 quo
649 1570 774 1619 fulget
793 1570 996 1607 decoratus
1016 1571 1165 1607 virtute
1185 1570 1384 1620 virginea3

602 1624 635 1661 O
657 1624 753 1660 felix
773 1624 955 1661 amicitia.

493 1678 583 1727 Ipse
602 1678 715 1714 nobis
735 1682 981 1727 peccatorum
1001 1677 1176 1714 conferat
1195 1677 1377 1723 remedia,

493 1732 569 1768 Per
588 1745 704 1782 quem
725 1745 857 1768 omnes
877 1732 1080 1768 veniamus
1099 1731 1149 1769 ad
1168 1737 1315 1769 aeterna
1333 1732 1487 1781 gaudia,

600 1786 750 1823 Christi
768 1786 924 1822 favente
943 1785 1110 1835 gratia.“³¹²

660 1906 712 1943 IN
741 1906 1160 1944 TRANSFIGURATIONE
1190 1906 1395 1944 D0M1N1.†

306 1960 525 1997 Benedictio
544 1974 638 1998 uvoe.

306 2013 553 2066 Beneffldic,
590 2014 772 2061 Domine,
809 2019 848 2051 et
882 2014 952 2050 hos
980 2014 1131 2050 fructus
1158 2027 1270 2050 novae
1298 2027 1395 2060 uvae,
1428 2026 1522 2063 quos
1553 2017 1609 2060 tu,
1640 2013 1825 2060 Domine,

224 2082 310 2105 rore
339 2069 422 2105 caeli
442 2074 481 2105 et
501 2068 757 2105 inundatione
785 2068 1009 2118 pluviarum
1029 2072 1068 2104 et
1087 2072 1308 2117 temporum
1336 2068 1545 2104 serenitate
1573 2071 1690 2117 atque
1718 2071 1824 2104 tran-

224 2122 421 2172 quillitate
449 2123 497 2159 ad
526 2123 796 2159 maturitatem
824 2123 1032 2171 perducere
1053 2122 1235 2171 dignatus
1264 2134 1314 2168 es,
1337 2126 1376 2158 et
1395 2121 1536 2157 dedisti
1565 2135 1628 2158 eos
1656 2121 1705 2157 ad
1731 2134 1824 2158 usus

223 2180 377 2213 nostros
398 2190 485 2213 cum
504 2177 721 2226 gratiarum
746 2176 898 2213 actione
926 2176 1133 2225 percipere.
1192 2175 1243 2212 In
1262 2175 1421 2212 nomine
1446 2175 1610 2211 Domini
1633 2174 1825 2227 nostriffi

223 2230 252 2268 J
255 2244 322 2267 esu
344 2230 503 2275 Christi,
524 2244 593 2280 per
611 2243 727 2280 quem
748 2230 878 2266 omnia
898 2229 1068 2266 Domine
1087 2242 1238 2279 semper
1257 2230 1358 2266 bona
1377 2242 1493 2266 creas.
1554 2229 1632 2274 Qui
1650 2233 1790 2266 tecum.

305 2284 372 2321 Ad
392 2285 567 2321 stlissam.
625 2284 830 2321 Introitus.

305 2338 413 2375 Veni
457 2343 496 2375 et
542 2338 701 2375 ostende
746 2338 858 2375 nobis
894 2337 1032 2374 faciem
1069 2342 1191 2384 tuam,
1230 2337 1412 2384 Domine,
1451 2337 1518 2386 qui
1556 2337 1662 2374 sedes
1708 2349 1824 2387 super

225 2391 426 2439 cherubin,
447 2398 486 2428 et
506 2392 605 2429 salvi
624 2392 777 2429 erimus.

305 2469 321 2484 ¹
343 2469 426 2497 Here
441 2469 565 2497 follows
579 2470 631 2498 thc
649 2468 813 2507 (Tolophon
828 2469 861 2497 iu
876 2469 928 2497 the
944 2468 1072 2506 printed
1089 2468 1195 2497 books.
1240 2468 1297 2497 See
1313 2468 1383 2497 Vol.
1400 2468 1419 2496 i.
1435 2478 1465 2506 p.
1482 2468 1536 2497 xii.

304 2520 321 2558 †
337 2521 418 2548 Tuis
433 2520 521 2548 Mass
536 2521 563 2548 is
578 2520 675 2548 found
690 2520 722 2548 in
738 2520 807 2549 MS.
823 2520 858 2555 C,
875 2520 1088 2557 inunediately
1103 2519 1184 2547 after
1199 2520 1252 2548 tho
1271 2519 1512 2549 Commemoratis)
1522 2518 1640 2547 Sanctoe
1653 2518 1821 2554 Trinitacz'S,

226 2559 282 2588 but
298 2559 433 2588 without
449 2560 500 2588 the
516 2559 685 2588 Benedictio
701 2569 772 2588 ucoe.
815 2560 845 2588 It
860 2560 964 2588 varies
978 2559 1059 2588 from
1073 2559 1126 2587 the
1142 2559 1228 2587 Mass
1244 2559 1276 2587 in
1292 2559 1343 2587 the
1358 2562 1436 2594 text,
1453 2568 1487 2587 as
1502 2558 1626 2586 follows
1637 2569 1685 2587 :—

276 2607 301 2635 1.
324 2609 341 2623 ‘⁴
355 2606 506 2635 Introltus.
550 2607 588 2635 In
604 2607 728 2635 oxevlso
743 2608 857 2636 throno
872 2607 938 2635 vidi
961 2606 1067 2635 sedere
1083 2606 1189 2635 virum
1204 2616 1296 2644 quem
1316 2607 1425 2634 adorat
1446 2605 1616 2634 multitudo
1636 2606 1820 2643 angelorum

224 2647 397 2684 psallentes
412 2646 443 2674 in
460 2655 570 2681 uuum,
586 2646 666 2674 Eece
682 2647 774 2683 cujus
790 2646 957 2684 imperium
973 2655 1088 2674 numen
1103 2650 1151 2674 ost
1166 2646 1198 2673 in
1214 2649 1376 2674 aeternum.

324 2688 341 2702 ‘⁶
354 2685 499 2714 psalmus.
540 2685 682 2714 Jul›i1at0
699 2686 776 2723 Deo,
791 2686 895 2714 omnis
911 2689 1011 2714 terra:
1035 2685 1153 2713 servite
1169 2685 1306 2713 Domino
1320 2685 1353 2713 in
1368 2684 1483 2714 laetitia.

326 2727 343 2741 ‘⁶
358 2725 488 2761 Kyrie.''

304 2765 330 2792 2.
355 2765 384 2792 It
401 2773 595 2792 commences
609 2764 662 2792 the
677 2764 801 2801 Epistlc,
816 2764 895 2792 with
910 2765 962 2793 the
978 2764 1082 2792 words
1098 2766 1114 2780 “
1127 2764 1244 2792 Notaui
1259 2763 1391 2792 fecimus
1407 2762 1499 2791 vobis
1517 2762 1671 2800 Domini,''
1685 2763 1738 2793 &c-

304 2806 330 2831 3.
354 2803 418 2831 For
432 2804 484 2831 the
501 2803 663 2840 Sequenoe
678 2804 702 2831 it
718 2804 807 2840 gives
822 2806 840 2820 “
852 2803 977 2832 Laudes
992 2803 1177 2839 Salvatori,”
1191 2813 1225 2831 as
1240 2813 1280 2832 on
1296 2803 1406 2831 Easter
1423 2802 1583 2840 Tuesday.

304 2843 331 2870 4.
355 2843 428 2871 And
445 2842 493 2870 for
507 2843 560 2870 tho
577 2843 897 2871 Postcommunion—

322 2885 338 2898 ··’
353 2882 450 2914 Deus,
466 2882 520 2918 qui
535 2881 684 2910 hodierna
706 2882 754 2910 ‹lie
776 2882 929 2911 incarnati
944 2882 1043 2911 Verbi
1059 2882 1104 2910 tui
1125 2881 1429 2918 Transfigurationo,
1444 2882 1567 2918 tuaequc
1582 2881 1621 2910 ad
1635 2890 1707 2910 eum
1720 2881 1817 2910 missa

226 2921 425 2958 paternitatis
436 2930 510 2949 voce
521 2921 727 2957 consecrasti3
744 2922 857 2957 tribue,
870 2931 1064 2958 quaesumus,
1076 2925 1111 2950 ut
1124 2921 1240 2949 divinis
1253 2920 1335 2959 pasti
1349 2920 1507 2948 alimoniis
1516 2920 1548 2948 in
1560 2920 1629 2958 ejus
1643 2930 1817 2949 mereamur

226 2961 363 2989 membra
389 2960 565 2996 transferri,
584 2960 638 2997 qui
662 2960 726 2988 haec
751 2961 783 2988 in
805 2961 854 2989 sui
877 2961 1026 2989 momoria
1050 2960 1116 2989 ficri
1141 2960 1300 2998 praecepit,
1322 2960 1416 2988 Jesus
1437 2959 1585 2988 Christus
1614 2960 1718 2988 Filius
1740 2962 1815 2988 tuus

226 2999 383 3028 Dominus
397 3002 513 3036 noster,
529 2998 589 3033 Qui
611 3002 714 3028 tecum
730 2999 810 3029 vivit
832 3004 862 3029 et
886 3004 1005 3037 regnat.
1024 3000 1060 3028 In
1081 2999 1200 3029 unitate
1222 2998 1362 3036 Spiritus
1385 2999 1494 3028 sancti
1517 2999 1615 3036 Deus,
1630 2999 1691 3029 Per
1713 2999 1817 3029 omnia

226 3039 341 3068 saecula
356 3039 551 3068 saeculorum.
595 3039 724 3068 Amcn.”
