1979 3348
1614 225 1638 263 [Ο

1644 225 1666 264 Ν)

1672 227 1694 263 v(

712 222 901 265 C'oeuteloe
930 223 984 263 M
987 223 999 264 ἱ
1003 237 1091 264 3503.

102 377 317 414 INCIPIUNT
346 375 546 412 CAUTELAE
577 375 860 413 OBSERVANDAE
898 387 998 420 Qun)
1026 386 1224 412 AGENDUM
1253 386 1314 411 SIT
1343 385 1461 411 CIROA
1490 385 1694 412 DErEc'rUS

208 451 285 476 vm,
327 451 447 476 CASUS
482 451 552 483 QUI
588 451 701 476 omar
741 451 913 477 Possum*
953 451 997 477 IN
1039 439 1183 483 Missi&
1220 450 1270 475 Er
1305 448 1539 475 PRAESERTlM
1574 449 1693 474 011101

210 504 575 542 CONSECRATIONEM
605 505 908 542 Eucmuusrfflz.

184 602 328 648 Primo,
352 602 447 650 quid
466 601 517 638 sit
535 602 730 651 agendum
750 615 836 638 cum
853 601 1027 638 sacerdos
1047 600 1214 637 deficiat.

185 656 227 692 81
246 656 419 692 sacerdos
439 655 593 692 deficiat
617 655 699 691 sive
723 655 913 691 moriatur
931 658 1021 690 ante
1042 654 1251 699 Canonem,
1271 666 1351 690 non
1380 658 1438 690 est
1468 666 1619 689 necesse
1648 658 1693 689 ut

100 709 201 745 alius
220 709 375 745 missam
399 709 598 758 compleat.
658 709 700 745 81
728 712 860 744 tamen
889 708 987 744 alius
1016 707 1104 744 vult
1135 707 1335 754 celebrare,
1357 707 1472 744 debet
1502 707 1550 743 ab
1579 706 1694 744 initio

103 765 258 799 missam
278 763 497 811 reincipere,
515 767 554 798 et
573 766 700 798 totum
720 762 796 798 rite
823 774 1013 811 peragere.

184 818 225 853 81
244 821 374 853 autem
393 817 435 852 in
469 816 623 852 Canone
644 815 807 861 deficiat,
829 815 941 851 factis
954 815 1038 863 jam
1066 814 1262 864 aliquibus
1290 813 1420 864 signis,
1452 819 1584 850 tamen
1603 818 1693 850 ante

101 869 557 906 transubstantiationem
585 873 624 905 et
652 869 979 905 consecrationem
1007 868 1238 905 sacramenti
1258 881 1265 904 :
1288 871 1383 904 tunc
1402 867 1502 904 alius
1522 867 1695 904 sacerdos

103 924 153 960 ab
181 924 249 960 illo
277 923 359 959 loco
379 923 447 959 ubi
474 922 540 959 1110
568 922 716 958 dimisit
744 922 859 959 debet
887 922 1109 971 reincipere,
1140 926 1179 959 et
1207 925 1362 958 tantum
1390 921 1489 957 illud
1517 921 1695 970 supplere

105 977 207 1026 quod
227 977 412 1013 omissum
431 980 497 1013 est.

184 1031 227 1067 Si
245 1035 376 1067 autem
395 1030 567 1066 sacerdos
586 1030 627 1066 in
647 1033 737 1066 actu
756 1029 1053 1066 consecrationis
1072 1029 1237 1075 deficiat,
1253 1029 1382 1065 verbis
1400 1028 1596 1078 aliquibus
1610 1028 1694 1078 jam

101 1085 144 1120 in
162 1088 272 1133 parte
287 1084 448 1133 prolatis
468 1084 532 1120 sed
552 1084 594 1119 in
613 1087 697 1120 toto
715 1096 795 1119 non
814 1083 1032 1132 completis,
1052 1083 1264 1120 secundum
1283 1082 1572 1128 Innocentium,
1592 1082 1693 1119 alius

102 1138 276 1174 sacerdos
296 1137 410 1174 debet
429 1137 598 1186 incipere
617 1138 666 1173 ab
685 1137 753 1173 illo
773 1137 855 1174 loco
878 1137 955 1182 Qui
967 1137 1107 1186 pridie.

183 1191 225 1228 81
256 1195 388 1227 tamen
420 1191 604 1237 sacerdos,
638 1191 802 1237 deficiat,
836 1195 1056 1227 consecrato
1089 1203 1245 1240 corpore
1279 1190 1346 1227 sed
1374 1203 1454 1226 non
1483 1189 1670 1239 sanguine
1684 1203 1694 1236 ;

102 1245 200 1282 alius
219 1245 393 1281 sacerdos
420 1245 610 1295 compleat
638 1244 965 1281 consecrationem
992 1245 1201 1294 sanguinis,
1223 1243 1411 1293 incipiens
1439 1244 1488 1281 ab
1516 1244 1584 1280 illo
1613 1243 1694 1280 1000

102 1297 235 1336 Simili
253 1299 373 1335 modo.

186 1351 239 1398 81,
268 1356 489 1389 consecra-to
520 1365 689 1401 corpore,
719 1352 906 1401 percipiat
933 1352 1071 1388 vinum
1102 1364 1181 1388 non
1214 1364 1293 1388 esse
1325 1351 1368 1387 111
1398 1351 1514 1388 calice
1530 1364 1539 1397 3
1582 1351 1696 1387 debet

104 1406 231 1443 hostia
259 1406 404 1442 mundo
432 1406 569 1455 reponi
596 1407 637 1442 111
667 1407 866 1456 corporali,
889 1410 938 1452 et,
961 1406 1076 1442 calice
1104 1406 1180 1442 rite
1208 1409 1435 1454 praeparato,
1456 1404 1619 1454 incipiat
1647 1405 1696 1441 ab

102 1459 171 1496 illo
190 1460 273 1496 loco
292 1459 424 1497 Simili
438 1461 557 1496 modo.

184 1513 226 1549 81
244 1517 335 1550 ante
354 1514 679 1550 consecrationem
699 1513 897 1563 sanguinis
916 1513 1105 1562 percipiat
1132 1526 1273 1562 aquam
1305 1525 1384 1549 non
1404 1525 1483 1549 esse
1502 1513 1544 1548 in
1563 1512 1691 1558 calice,

104 1567 218 1604 debet
236 1567 370 1603 statim
389 1580 579 1616 apponere
599 1572 638 1603 et
657 1567 852 1604 conficere.

184 1621 226 1657 Si
244 1625 376 1658 autem
395 1625 482 1670 post
500 1621 827 1657 consecrationem
846 1621 1044 1669 sanguinis
1062 1619 1251 1670 percipiat
1277 1620 1381 1669 quod
1408 1633 1508 1668 aqua
1525 1619 1627 1657 desit
1654 1620 1697 1656 in

102 1674 244 1721 calice,
273 1674 388 1711 debet
421 1674 674 1711 nihilominus
715 1674 930 1723 procedere,
970 1687 1040 1711 1100
1086 1674 1200 1710 debet
1237 1673 1396 1710 miscere
1433 1687 1574 1722 aquam
1608 1686 1696 1710 cum

104 1728 303 1777 sanguine,
325 1728 416 1777 quia
435 1741 504 1777 pro
524 1733 634 1777 parte
663 1733 891 1777 sequeretur
919 1727 1115 1777 corruptio
1144 1727 1376 1764 sacramenti
1392 1740 1402 1773 3
1428 1727 1546 1764 debet
1564 1731 1696 1764 tamen

106 1782 278 1819 sacerdos
298 1782 432 1831 puniri
451 1786 490 1819 et
505 1782 642 1818 dolere.

187 1836 228 1872 81
258 1840 344 1885 post
371 1836 697 1872 consecrationem
725 1835 925 1885 sanguinis
954 1836 1142 1885 percipiat
1172 1835 1276 1884 quod
1307 1835 1446 1871 vinum
1471 1848 1551 1871 non
1579 1835 1697 1871 fuerit

104 1889 275 1938 positum
308 1889 374 1926 sed
406 1902 507 1938 aqua
538 1893 694 1926 tantum
726 1891 768 1925 in
787 1890 901 1926 calice
915 1902 926 1936 5
954 1889 1146 1938 siquidem
1175 1889 1247 1925 hoc
1267 1889 1431 1939 percipit
1450 1893 1540 1925 ante
1571 1902 1698 1937 sump-

104 1943 251 1979 tionem
279 1943 459 1992 corporis,
479 1943 593 1979 debet
621 1956 762 1992 aquam
790 1943 990 1992 deponere,
1014 1948 1052 1979 et
1080 1943 1278 1992 imponere
1303 1943 1438 1979 vinum
1467 1956 1555 1979 cum
1583 1955 1695 1992 aqua,

104 2001 144 2033 et
162 2010 355 2033 resumere
375 1997 701 2033 consecrationem
721 1997 920 2046 sanguinis
939 1997 987 2033 ab
1007 1997 1074 2032 illo
1089 1996 1171 2033 loco
1190 1996 1323 2033 Simili
1341 1997 1460 2033 modo.

187 2050 230 2087 81
248 2051 435 2099 percipiat
454 2051 525 2087 hoc
558 2055 644 2099 post
676 2051 937 2099 sumptionem
957 2050 1138 2099 corporis,
1161 2050 1276 2086 debet
1308 2063 1499 2099 apponere
1529 2050 1576 2086 de
1595 2062 1697 2086 novo

103 2104 221 2141 aliam
250 2104 416 2141 hostiam
443 2104 587 2140 iterum
614 2117 702 2140 cum
730 2104 917 2152 sanguine
945 2103 1252 2148 consecrandam,
1282 2104 1494 2140 secundum
1523 2104 1698 2140 doctores

105 2157 147 2194 in
167 2171 273 2194 sacra
291 2158 432 2207 pagina
446 2171 456 2204 3
485 2158 599 2194 debet
618 2162 750 2194 autem
769 2171 961 2194 resumere
989 2158 1107 2194 verba
1135 2157 1432 2194 consecrationis
1461 2157 1509 2193 ab
1528 2157 1596 2194 illo
1615 2157 1698 2194 loco

109 2212 186 2256 Qui
198 2211 330 2260 pridie
345 2226 360 2256 ;
388 2212 430 2248 in
458 2212 533 2247 fine
562 2215 693 2248 autem
725 2211 868 2247 iterum
900 2211 1013 2247 debet
1043 2224 1193 2247 sumere
1225 2211 1391 2247 hostiam
1421 2211 1529 2247 illam
1558 2211 1698 2247 ultimo

107 2269 475 2310 consecr-atani,1io11
502 2265 681 2301 obstante
707 2265 739 2300 si
764 2265 870 2313 prius
895 2265 1071 2314 sumpsit,
1102 2269 1142 2301 et
1169 2265 1288 2301 etiam
1316 2265 1429 2301 illum
1456 2265 1694 2314 sanguinem.

108 2319 362 2355 Innocentius
381 2322 513 2355 tamen
532 2319 639 2365 dicit,
661 2319 764 2367 quod
793 2318 826 2354 si
853 2332 902 2355 ex
923 2319 1215 2368 prolongatione
1240 2318 1414 2355 sacerdos
1434 2320 1548 2354 timet
1568 2318 1698 2355 scand-

106 2372 223 2418 alum,
245 2373 348 2422 quod
381 2372 577 2409 sufficiunt
596 2377 753 2409 tantum
785 2372 853 2408 illa
882 2373 1001 2408 verba
1032 2386 1102 2421 per
1130 2385 1216 2421 quae
1249 2376 1495 2409 consecratur
1526 2372 1694 2422 sanguis,

107 2426 252 2463 scilicet
267 2426 397 2463 Simili
416 2427 536 2473 modo,
558 2430 597 2462 et
615 2426 669 2463 sic
688 2439 838 2462 sumere
858 2427 1096 2475 sanguinem.

189 2480 294 2524 Quid
313 2484 444 2516 autem
472 2480 586 2515 faciet
615 2493 702 2516 cum
730 2493 871 2529 aquam
899 2484 1054 2529 sumpto
1082 2492 1239 2529 corpore
1267 2480 1347 2529 jam
1366 2480 1483 2516 habet
1502 2480 1543 2516 in
1564 2493 1638 2524 ore,
1660 2485 1698 2516 et

103 2534 185 2583 jam
205 2534 329 2582 primo
348 2534 469 2570 sentit
489 2533 589 2582 quod
619 2533 669 2569 sit
700 2538 989 2583 aqua—utrum
1019 2533 1157 2570 debeat
1185 2546 1269 2570 eam
1297 2534 1487 2583 deglutire
1506 2533 1569 2570 vel
1589 2534 1700 2570 emit·

108 2594 189 2623 tere
206 2601 212 2624 :
233 2587 386 2636 require
405 2588 447 2623 in
467 2587 626 2624 Summa
641 2587 864 2624 Hostiensis
880 2588 921 2623 in
940 2587 1058 2623 titulo
1081 2591 1102 2607 ‘⁶
1119 2587 1166 2623 de
1185 2587 1441 2624 celebratione
1454 2587 1698 2624 Missarum.⁷'

109 2641 248 2677 Tutius
274 2645 405 2677 tamen
434 2645 492 2677 est
520 2654 604 2677 eam
633 2641 822 2690 deglutire
851 2654 967 2690 quam
993 2641 1193 2687 emittere,
1222 2646 1262 2678 et
1289 2641 1361 2678 hoc
1387 2642 1471 2678 ideo
1492 2655 1540 2678 ne
1568 2641 1699 2690 aliqua

108 2694 298 2743 particula
316 2695 484 2744 corporis
503 2707 590 2731 cum
605 2708 706 2743 aqua
724 2698 846 2731 exeat.

189 2748 292 2784 Item
312 2748 343 2784 si
363 2748 535 2785 sacerdos
555 2752 642 2797 post
656 2748 979 2785 consecrationem
1008 2748 1231 2785 recordetur
1249 2762 1288 2785 se
1312 2762 1392 2785 non
1412 2762 1491 2785 esse
1506 2750 1698 2798 jejunum,

114 2799 192 2852 [vel
223 2802 455 2838 commisisse
488 2802 645 2851 aliquod
676 2808 888 2851 peccatum,
923 2800 1001 2854 vel]
1033 2815 1112 2838 esse
1141 2803 1520 2839 excommunicatum
1536 2816 1546 2849 ,-
1588 2803 1701 2838 debet

110 2854 364 2892 nihilominus
400 2856 615 2906 procedere,
665 2869 753 2892 cum
794 2855 991 2905 proposito
1033 2856 1296 2893 satisfaciendi
1337 2862 1376 2893 et
1418 2856 1697 2893 absolutionem

112 2908 357 2958 impetrandi.

192 2961 234 2998 81
262 2966 394 2999 autem
426 2967 518 3000 ante
551 2963 876 3001 consecrationem
908 2963 1130 3000 recordetur
1162 2964 1462 3013 praedictorum,
1491 2964 1616 3000 tutius
1645 2968 1702 3001 est

167 3026 257 3052 VOL.
279 3027 322 3053 11.
901 3028 923 3055 Q
