1979 3348
251 217 334 256 180
782 214 1013 259 Orationes
1045 214 1321 258 Communes.

741 360 827 397 Pno
857 360 1222 398 BENEFAcromssus
1249 371 1368 398 VIVIS.

335 421 480 460 Oratio.

334 476 500 522 Inclina,
524 476 704 522 Domine,
725 488 838 513 aures
865 480 943 512 tuae
971 475 1141 525 pietatis,
1163 480 1201 513 et
1230 476 1374 513 exaudi
1393 490 1522 526 preces
1542 483 1692 515 nostras
1706 492 1717 525 3
1745 479 1851 528 aperi

254 530 383 567 oculos
404 534 480 566 tuae
501 530 727 579 majestatis,
748 534 787 566 et
816 529 962 579 respice
990 530 1183 579 propitius
1212 543 1327 580 super
1345 531 1511 568 famulos
1531 535 1630 577 tuos,
1653 532 1721 582 qui
1738 532 1852 569 nobis

253 584 386 633 largiti
405 588 499 620 sunt
518 583 748 632 temporalia
767 584 870 620 bona
887 597 895 620 :
925 583 974 620 da
994 584 1059 630 eis,
1083 584 1265 630 Domine,
1288 588 1533 633 peccatorum
1552 585 1849 635 indulgentiam,

252 642 292 674 et
311 638 353 674 in
372 639 552 686 operibus
572 637 683 673 bonis
713 637 1044 686 perseverantiam
1077 641 1116 674 et
1150 638 1191 674 in
1219 651 1338 687 regno
1367 642 1435 674 tuo
1456 652 1595 688 magna
1614 653 1684 688 pro
1704 640 1850 689 parvis,

255 692 421 727 caelestia
455 705 524 739 pro
557 691 734 736 terrenis,
765 695 803 727 et
842 704 912 740 pro
948 691 1228 740 temporalibus
1262 692 1421 741 praemia
1458 693 1701 742 sempiterna.
1777 693 1857 730 Per

257 745 484 782 Dominum.

338 806 498 844 Secreta.

340 861 511 910 Suscipe,
534 874 769 910 quaesumus,
792 860 973 907 Domine,
995 860 1190 910 propitius
1209 874 1279 911 pro
1298 861 1424 898 salute
1446 861 1682 898 famulorum
1700 865 1858 899 tuorum

260 928 401 951 1111111115
421 915 610 960 oblatum,
632 919 672 951 et
691 928 789 964 quos
807 915 934 951 fecisti
961 914 1121 951 devotos
1140 928 1210 964 per
1229 915 1524 964 eleemosynam,
1545 916 1606 952 fac
1626 916 1757 953 beatos
1777 928 1860 953 esse

258 982 327 1018 per
345 968 471 1005 sancti
490 968 663 1005 muneris
682 969 1024 1006 consecrationem.
1084 969 1162 1005 Per
1181 969 1409 1006 Dominum.

342 1033 667 1071 Postcommun‘io.

346 1087 601 1136 Sumpsimus,
637 1087 819 1133 Domine,
851 1091 921 1123 tua
950 1091 1085 1124 sancta
1114 1088 1328 1136 mysteria:
1358 1088 1447 1125 Tibi
1475 1088 1620 1138 gratias
1653 1088 1864 1125 referentes

262 1142 430 1191 petimus
451 1144 680 1178 immensam
700 1142 947 1178 clementiam
966 1145 1088 1187 tuam,
1110 1147 1155 1178 ut
1175 1146 1215 1178 et
1234 1142 1346 1178 nobis
1365 1142 1571 1191 proficiant
1589 1142 1639 1178 ad
1658 1143 1858 1187 medelam,

263 1200 302 1241 et
321 1196 477 1231 famulis
496 1195 587 1241 tuis,
606 1196 674 1244 qui
689 1196 800 1232 nobis
820 1208 908 1231 suas
927 1195 1060 1244 largiti
1078 1199 1172 1232 sunt
1186 1196 1459 1245 eleemosynas,
1476 1196 1525 1233 ad
1540 1196 1705 1233 salutem
1720 1196 1866 1233 mentis

263 1249 377 1285 simul
399 1256 434 1285 et
458 1249 637 1300 eorporis.
698 1248 775 1285 Per
795 1248 1024 1286 Dominum.

939 1419 1026 1456 Pno
1057 1419 1192 1456 V1v1s.

348 1474 495 1511 Oratio.

346 1528 565 1575 Praetende,
605 1527 787 1567 Domine,
826 1527 983 1564 famulis
1020 1532 1060 1564 et
1098 1527 1318 1564 famulabus
1355 1527 1435 1564 tuis
1469 1527 1671 1564 dexteram
1704 1526 1870 1564 caelestis

263 1582 412 1629 auxilii,
436 1587 481 1618 ut
501 1586 540 1619 te
554 1585 638 1619 toto
655 1582 767 1618 corde
786 1582 1029 1631 perquirant,
1050 1585 1089 1618 et
1108 1595 1194 1630 quae
1215 1581 1331 1632 digne
1359 1581 1563 1631 postulant
1591 1585 1860 1630 assequantur.

268 1636 356 1674 Per.

348 1690 507 1728 Secreta.

351 1744 583 1793 Propitiare,
630 1743 812 1787 Domine,
856 1742 1207 1792 supplicationibus
1255 1743 1412 1789 nostris,
1451 1747 1491 1779 et
1537 1743 1607 1779 has
1654 1743 1870 1779 oblationes

269 1798 507 1834 famulorum
536 1797 850 1846 famularumque
880 1801 1051 1842 tuarum,
1085 1810 1180 1845 quas
1220 1797 1294 1833 tibi
1325 1810 1395 1845 pro
1429 1797 1699 1834 incolumitate
1737 1809 1871 1833 eorum

270 1852 478 1897 offerimus,
513 1851 704 1900 benignus
733 1863 900 1897 assume,
937 1854 975 1887 et
1005 1856 1051 1887 ut
1081 1850 1229 1886 nullius
1263 1851 1314 1887 sit
1348 1851 1505 1887 irritum
1538 1854 1687 1897 votum,
1722 1851 1873 1886 nullius

271 1919 394 1942 vacua
413 1905 637 1955 postulatio,
661 1909 813 1954 praesta,
835 1917 1069 1953 quaesumus,
1090 1909 1135 1941 ut
1155 1904 1259 1953 quod
1278 1905 1446 1941 fideliter
1464 1905 1646 1954 petimus,
1668 1904 1872 1941 efficaciter

272 1972 563 2008 consequamur.
623 1959 700 1995 Per
720 1959 949 2010 Dominum.

355 2025 570 2062 Postcomm
577 2024 648 2061 mci
651 2038 680 2061 0.

357 2080 420 2115 Da
449 2079 593 2115 familis
624 2082 663 2114 et
695 2077 916 2114 famulabus
949 2078 1041 2123 tuis,
1077 2090 1311 2127 quaesumus,
1335 2077 1516 2124 Domine,
1554 2078 1596 2114 111
1629 2082 1699 2114 tua
1726 2078 1801 2114 fide
1833 2081 1873 2114 et

276 2133 500 2170 sinceritate
520 2132 794 2177 constantiam,
814 2135 860 2168 ut
880 2131 922 2167 in
938 2131 1101 2168 caritate
1121 2131 1256 2168 divina
1275 2132 1421 2168 firmati
1449 2131 1570 2168 nullis
1588 2131 1874 2169 tentationibus

276 2188 325 2225 ab
345 2188 428 2236 ejus
447 2186 676 2237 integritate
696 2185 904 2222 vellantur.
963 2185 1050 2222 Per.

840 2363 906 2399 DE
934 2373 1114 2399 OMNIBUS
1144 2361 1323 2399 SANCTIS.

365 2420 508 2458 Oratio.

364 2473 552 2519 Concede,
588 2484 822 2521 quaesumus,
861 2470 1107 2518 omnipotens
1138 2470 1258 2515 Deus,
1290 2473 1336 2505 ut
1374 2468 1598 2506 inteicessio
1635 2481 1704 2505 nos
1735 2472 1881 2505 sanctae·

286 2529 360 2566 Dei
390 2526 596 2577 genetricis
624 2537 852 2574 semperque
878 2537 940 2560 vn
941 2537 1043 2573 Ο*11115
1069 2523 1207 2560 Mariae
1228 2526 1528 2572 sancttrumque
1556 2522 1731 2558 omnium
1756 2522 1880 2558 caeles

284 2585 385 2620 tium
404 2582 600 2617 1111010111
629 2584 668 2616 et
696 2584 919 2615 sanctorum
948 2577 1268 2626 pmimwohamm,
1290 2577 1580 2637 prophetarum,
1601 2575 1875 2625 apostolorum,

285 2635 624 2685 evangelistarum
662 2637 894 2681 martyrum.
929 2632 1201 2678 consessorum,
1241 2635 1359 2679 atqu(
1397 2630 1606 2680 virginum,
1638 2634 1677 2666 et
1705 2630 1880 2666 omnium

287 2691 498 2728 electorum
528 2691 687 2724 tuorum
719 2687 865 2735 ubique
903 2685 1099 2732 laetificet3
1127 2689 1173 2721 ut
1203 2685 1298 2721 dum
1328 2697 1461 2721 eorum
1490 2684 1631 2720 merita
1662 2683 1882 2729 100011111113,

287 2742 504 2795 patrocinia
523 2741 747 2778 sentiamus.
805 2740 882 2776 Per
902 2739 1080 2776 eundem.

370 2804 528 2843 Secreta.

372 2857 536 2903 oblatis,
574 2856 752 2902 Domine,
792 2855 944 2904 placaie
980 2854 1240 2891 muneribus·
1231 2884 1240 2900 ,
1278 2858 1317 2890 et
1354 2852 1617 2889 intercedente
1653 2852 1768 2889 beata.
1805 2851 1882 2888 Dei

291 2912 484 2964 genetrice
514 2922 740 2959 semperque
768 2909 918 2958 viigine
951 2908 1080 2946 Maria
1098 2921 1186 2945 cum
1207 2908 1386 2946 omnibus
1411 2906 1555 2944 sanctis
1579 2907 1669 2954 tuis,
1691 2919 1713 2944 a
1731 2905 1888 2943 cunctis

292 2980 361 3004 nos
376 2965 538 3004 defende
557 2963 748 3014 periculis.
807 2962 884 3000 Per
903 2962 1080 3000 eundem.
