<?xml version="1.0" encoding="UTF-8"?>
<!DOCTYPE html PUBLIC "-//W3C//DTD XHTML 1.0 Transitional//EN"
    "http://www.w3.org/TR/xhtml1/DTD/xhtml1-transitional.dtd">
<html xmlns="http://www.w3.org/1999/xhtml" xml:lang="en" lang="en">
 <head>
  <title>
</title>
<meta http-equiv="Content-Type" content="text/html;charset=utf-8" />
  <meta name='ocr-system' content='tesseract 3.04.00' />
  <meta name='ocr-capabilities' content='ocr_page ocr_carea ocr_par ocr_line ocrx_word'/>
</head>
<body>
  <div class='ocr_page' id='page_1' title='image "./missaleadusumins02cath_0095.png"; bbox 0 0 1979 3348; ppageno 0'>
   <div class='ocr_carea' id='block_1_1' title="bbox 777 204 1717 273">
    <p class='ocr_par' dir='ltr' id='par_1_1' title="bbox 777 204 1717 273">
     <span class='ocr_line' id='line_1_1' title="bbox 777 204 1717 273; baseline 0.003 -7"><span class='ocrx_word' id='word_1_1' title='bbox 777 224 904 266; x_wconf 73' lang='lat' dir='ltr'>Festa</span> <span class='ocrx_word' id='word_1_2' title='bbox 931 223 1071 265; x_wconf 44' lang='grc' dir='ltr'>παιῶνι.</span> <span class='ocrx_word' id='word_1_3' title='bbox 1166 204 1170 208; x_wconf 82' lang='grc'><strong>’</strong></span> <span class='ocrx_word' id='word_1_4' title='bbox 1663 228 1717 273; x_wconf 83' lang='lat'>67</span> 
     </span>
    </p>
   </div>
   <div class='ocr_carea' id='block_1_2' title="bbox 130 331 1721 974">
    <p class='ocr_par' dir='ltr' id='par_1_2' title="bbox 130 331 1717 437">
     <span class='ocr_line' id='line_1_2' title="bbox 209 331 1717 384; baseline 0.003 -15"><span class='ocrx_word' id='word_1_5' title='bbox 209 331 476 381; x_wconf 71' lang='lat' dir='ltr'>Evanqelium.</span> <span class='ocrx_word' id='word_1_6' title='bbox 534 333 715 382; x_wconf 80' lang='lat' dir='ltr'>Rogabat</span> <span class='ocrx_word' id='word_1_7' title='bbox 746 333 775 371; x_wconf 86' lang='lat' dir='ltr'><strong>J</strong></span> <span class='ocrx_word' id='word_1_8' title='bbox 777 347 885 371; x_wconf 85' lang='lat' dir='ltr'>esum</span> <span class='ocrx_word' id='word_1_9' title='bbox 917 334 1077 384; x_wconf 84' lang='lat' dir='ltr'>quidam</span> <span class='ocrx_word' id='word_1_10' title='bbox 1109 334 1342 382; x_wconf 72' lang='lat' dir='ltr'>Pharisaeus,</span> <span class='ocrx_word' id='word_1_11' title='bbox 1373 348 1497 384; x_wconf 79' lang='lat' dir='ltr'>quaere</span> <span class='ocrx_word' id='word_1_12' title='bbox 1526 336 1570 373; x_wconf 86' lang='lat' dir='ltr'>in</span> <span class='ocrx_word' id='word_1_13' title='bbox 1599 335 1717 374; x_wconf 69' lang='lat' dir='ltr'>Faria</span> 
     </span>
     <span class='ocr_line' id='line_1_3' title="bbox 130 386 1253 437; baseline 0.003 -14"><span class='ocrx_word' id='word_1_14' title='bbox 130 391 235 424; x_wconf 75' lang='lat' dir='ltr'>sexta</span> <span class='ocrx_word' id='word_1_15' title='bbox 252 386 466 424; x_wconf 86' lang='lat' dir='ltr'>Dominicae</span> <span class='ocrx_word' id='word_1_16' title='bbox 484 387 734 435; x_wconf 79' lang='lat' dir='ltr'>quindecimae</span> <span class='ocrx_word' id='word_1_17' title='bbox 745 395 835 437; x_wconf 77' lang='lat' dir='ltr'>post</span> <span class='ocrx_word' id='word_1_18' title='bbox 853 388 1012 426; x_wconf 81' lang='lat' dir='ltr'>Festum</span> <span class='ocrx_word' id='word_1_19' title='bbox 1034 388 1253 427; x_wconf 69' lang='lat' dir='ltr'><em>Trinitatis.</em></span> 
     </span>
    </p>

    <p class='ocr_par' dir='ltr' id='par_1_3' title="bbox 213 438 800 491">
     <span class='ocr_line' id='line_1_4' title="bbox 213 438 800 491; baseline 0.005 -15"><span class='ocrx_word' id='word_1_20' title='bbox 213 438 467 487; x_wconf 80' lang='lat' dir='ltr'>Offertorium.</span> <span class='ocrx_word' id='word_1_21' title='bbox 524 440 636 477; x_wconf 75' lang='lat' dir='ltr'>Ffliae</span> <span class='ocrx_word' id='word_1_22' title='bbox 655 454 800 491; x_wconf 85' lang='lat' dir='ltr'>regum.</span> 
     </span>
    </p>

    <p class='ocr_par' dir='ltr' id='par_1_4' title="bbox 210 492 370 530">
     <span class='ocr_line' id='line_1_5' title="bbox 210 492 370 530; baseline 0 0"><span class='ocrx_word' id='word_1_23' title='bbox 210 492 370 530; x_wconf 80' lang='lat' dir='ltr'>Secreta.</span> 
     </span>
    </p>

    <p class='ocr_par' dir='ltr' id='par_1_5' title="bbox 130 546 1714 705">
     <span class='ocr_line' id='line_1_6' title="bbox 211 546 1714 597; baseline 0.002 -14"><span class='ocrx_word' id='word_1_24' title='bbox 211 546 431 594; x_wconf 85' lang='lat' dir='ltr'>Offerimus,</span> <span class='ocrx_word' id='word_1_25' title='bbox 466 547 645 594; x_wconf 80' lang='lat' dir='ltr'>Domine,</span> <span class='ocrx_word' id='word_1_26' title='bbox 678 561 808 597; x_wconf 82' lang='lat' dir='ltr'>preces</span> <span class='ocrx_word' id='word_1_27' title='bbox 845 552 885 585; x_wconf 86' lang='lat' dir='ltr'>et</span> <span class='ocrx_word' id='word_1_28' title='bbox 920 562 1083 586; x_wconf 86' lang='lat' dir='ltr'>munera</span> <span class='ocrx_word' id='word_1_29' title='bbox 1119 550 1161 585; x_wconf 88' lang='lat' dir='ltr'>in</span> <span class='ocrx_word' id='word_1_30' title='bbox 1197 549 1344 585; x_wconf 84' lang='lat' dir='ltr'>honore</span> <span class='ocrx_word' id='word_1_31' title='bbox 1389 552 1531 586; x_wconf 82' lang='lat' dir='ltr'>sanctae</span> <span class='ocrx_word' id='word_1_32' title='bbox 1578 549 1714 586; x_wconf 86' lang='lat' dir='ltr'>Mariae</span> 
     </span>
     <span class='ocr_line' id='line_1_7' title="bbox 131 598 1713 653; baseline 0.003 -17"><span class='ocrx_word' id='word_1_33' title='bbox 131 598 373 650; x_wconf 81' lang='lat' dir='ltr'>Magdalenae</span> <span class='ocrx_word' id='word_1_34' title='bbox 391 601 614 650; x_wconf 74' lang='lat' dir='ltr'><strong>gaudentes,</strong></span> <span class='ocrx_word' id='word_1_35' title='bbox 636 606 788 650; x_wconf 83' lang='lat' dir='ltr'>praesta,</span> <span class='ocrx_word' id='word_1_36' title='bbox 810 614 1042 651; x_wconf 82' lang='lat' dir='ltr'>quaesumus,</span> <span class='ocrx_word' id='word_1_37' title='bbox 1062 606 1107 638; x_wconf 88' lang='lat' dir='ltr'>ut</span> <span class='ocrx_word' id='word_1_38' title='bbox 1127 607 1166 639; x_wconf 88' lang='lat' dir='ltr'>et</span> <span class='ocrx_word' id='word_1_39' title='bbox 1185 603 1461 640; x_wconf 85' lang='lat' dir='ltr'>convenienter</span> <span class='ocrx_word' id='word_1_40' title='bbox 1487 603 1568 640; x_wconf 88' lang='lat' dir='ltr'>haec</span> <span class='ocrx_word' id='word_1_41' title='bbox 1591 616 1713 653; x_wconf 85' lang='lat' dir='ltr'>agere,</span> 
     </span>
     <span class='ocr_line' id='line_1_8' title="bbox 130 654 1525 705; baseline 0.003 -15"><span class='ocrx_word' id='word_1_42' title='bbox 130 657 170 690; x_wconf 86' lang='lat' dir='ltr'>et</span> <span class='ocrx_word' id='word_1_43' title='bbox 188 654 401 690; x_wconf 87' lang='lat' dir='ltr'>remedium</span> <span class='ocrx_word' id='word_1_44' title='bbox 420 655 699 704; x_wconf 89' lang='lat' dir='ltr'>sempiternum</span> <span class='ocrx_word' id='word_1_45' title='bbox 718 655 917 693; x_wconf 78' lang='lat' dir='ltr'>valeamus</span> <span class='ocrx_word' id='word_1_46' title='bbox 935 656 1143 705; x_wconf 81' lang='lat' dir='ltr'>acquirere.</span> <span class='ocrx_word' id='word_1_47' title='bbox 1204 656 1280 692; x_wconf 86' lang='lat' dir='ltr'>Per</span> <span class='ocrx_word' id='word_1_48' title='bbox 1298 656 1525 694; x_wconf 87' lang='lat' dir='ltr'>Dominum.</span> 
     </span>
    </p>

    <p class='ocr_par' dir='ltr' id='par_1_6' title="bbox 212 706 708 747">
     <span class='ocr_line' id='line_1_9' title="bbox 212 706 708 747; baseline 0.006 -3"><span class='ocrx_word' id='word_1_49' title='bbox 212 706 452 746; x_wconf 87' lang='lat' dir='ltr'>Communio.</span> <span class='ocrx_word' id='word_1_50' title='bbox 510 708 708 747; x_wconf 78' lang='lat' dir='ltr'>Dilexisti.</span> 
     </span>
    </p>

    <p class='ocr_par' dir='ltr' id='par_1_7' title="bbox 211 760 532 799">
     <span class='ocr_line' id='line_1_10' title="bbox 211 760 532 799; baseline 0.006 -2"><span class='ocrx_word' id='word_1_51' title='bbox 211 760 532 799; x_wconf 81' lang='lat' dir='ltr'>Postcommunio.</span> 
     </span>
    </p>

    <p class='ocr_par' dir='ltr' id='par_1_8' title="bbox 133 814 1721 974">
     <span class='ocr_line' id='line_1_11' title="bbox 211 814 1718 865; baseline 0.001 -14"><span class='ocrx_word' id='word_1_52' title='bbox 211 814 473 852; x_wconf 84' lang='lat' dir='ltr'>Auxilientur</span> <span class='ocrx_word' id='word_1_53' title='bbox 512 815 634 861; x_wconf 89' lang='lat' dir='ltr'>nobis,</span> <span class='ocrx_word' id='word_1_54' title='bbox 673 815 854 862; x_wconf 85' lang='lat' dir='ltr'>Domine,</span> <span class='ocrx_word' id='word_1_55' title='bbox 893 820 1135 853; x_wconf 84' lang='lat' dir='ltr'>sacrosancta</span> <span class='ocrx_word' id='word_1_56' title='bbox 1180 815 1366 865; x_wconf 82' lang='lat' dir='ltr'>mysteria</span> <span class='ocrx_word' id='word_1_57' title='bbox 1410 817 1534 854; x_wconf 84' lang='lat' dir='ltr'>beatae</span> <span class='ocrx_word' id='word_1_58' title='bbox 1581 816 1718 854; x_wconf 85' lang='lat' dir='ltr'>Mariae</span> 
     </span>
     <span class='ocr_line' id='line_1_12' title="bbox 133 865 1720 919; baseline 0.003 -15"><span class='ocrx_word' id='word_1_59' title='bbox 133 865 375 916; x_wconf 84' lang='lat' dir='ltr'>Magdalenae</span> <span class='ocrx_word' id='word_1_60' title='bbox 412 869 662 906; x_wconf 87' lang='lat' dir='ltr'>veneratione</span> <span class='ocrx_word' id='word_1_61' title='bbox 698 869 901 916; x_wconf 87' lang='lat' dir='ltr'>celebrata,</span> <span class='ocrx_word' id='word_1_62' title='bbox 940 883 1025 919; x_wconf 85' lang='lat' dir='ltr'>quae</span> <span class='ocrx_word' id='word_1_63' title='bbox 1063 870 1202 919; x_wconf 84' lang='lat' dir='ltr'>spretis</span> <span class='ocrx_word' id='word_1_64' title='bbox 1240 870 1427 907; x_wconf 81' lang='lat' dir='ltr'>vanitatis</span> <span class='ocrx_word' id='word_1_65' title='bbox 1458 871 1648 908; x_wconf 86' lang='lat' dir='ltr'>illecebris</span> <span class='ocrx_word' id='word_1_66' title='bbox 1679 875 1720 908; x_wconf 90' lang='lat' dir='ltr'>te</span> 
     </span>
     <span class='ocr_line' id='line_1_13' title="bbox 133 921 1721 974; baseline 0.003 -17"><span class='ocrx_word' id='word_1_67' title='bbox 133 921 257 958; x_wconf 81' lang='lat' dir='ltr'>solum</span> <span class='ocrx_word' id='word_1_68' title='bbox 281 922 455 972; x_wconf 85' lang='lat' dir='ltr'>diligere,</span> <span class='ocrx_word' id='word_1_69' title='bbox 486 922 637 972; x_wconf 89' lang='lat' dir='ltr'>tibique</span> <span class='ocrx_word' id='word_1_70' title='bbox 664 922 749 960; x_wconf 89' lang='lat' dir='ltr'>Deo</span> <span class='ocrx_word' id='word_1_71' title='bbox 774 922 867 960; x_wconf 84' lang='lat' dir='ltr'>vivo</span> <span class='ocrx_word' id='word_1_72' title='bbox 895 926 936 960; x_wconf 89' lang='lat' dir='ltr'>et</span> <span class='ocrx_word' id='word_1_73' title='bbox 953 936 1047 960; x_wconf 85' lang='lat' dir='ltr'>vero</span> <span class='ocrx_word' id='word_1_74' title='bbox 1074 924 1191 974; x_wconf 84' lang='lat' dir='ltr'>elegit</span> <span class='ocrx_word' id='word_1_75' title='bbox 1213 924 1364 973; x_wconf 84' lang='lat' dir='ltr'>jugiter</span> <span class='ocrx_word' id='word_1_76' title='bbox 1387 924 1585 962; x_wconf 88' lang='lat' dir='ltr'>inhaerere.</span> <span class='ocrx_word' id='word_1_77' title='bbox 1642 924 1721 970; x_wconf 79' lang='lat' dir='ltr'>Qui</span> 
     </span>
    </p>
   </div>
   <div class='ocr_carea' id='block_1_3' title="bbox 135 974 1471 1116">
    <p class='ocr_par' dir='ltr' id='par_1_9' title="bbox 135 974 1471 1116">
     <span class='ocr_line' id='line_1_14' title="bbox 135 974 246 1013; baseline 0.009 -2"><span class='ocrx_word' id='word_1_78' title='bbox 135 974 246 1013; x_wconf 76' lang='lat' dir='ltr'>vivis.</span> 
     </span>
     <span class='ocr_line' id='line_1_15' title="bbox 387 1064 1471 1116; baseline 0.002 -14"><span class='ocrx_word' id='word_1_79' title='bbox 387 1064 534 1102; x_wconf 63' lang='lat' dir='ltr'>Smcm</span> <span class='ocrx_word' id='word_1_80' title='bbox 561 1064 851 1113; x_wconf 78' lang='lat' dir='ltr'>APOLLINARIS,</span> <span class='ocrx_word' id='word_1_81' title='bbox 883 1075 1096 1103; x_wconf 80' lang='lat' dir='ltr'>MARTYRIS.</span> <span class='ocrx_word' id='word_1_82' title='bbox 1159 1064 1210 1115; x_wconf 85' lang='lat' dir='ltr'>(x.</span> <span class='ocrx_word' id='word_1_83' title='bbox 1234 1065 1324 1103; x_wconf 86' lang='lat' dir='ltr'>Kal.</span> <span class='ocrx_word' id='word_1_84' title='bbox 1347 1064 1471 1116; x_wconf 86' lang='lat' dir='ltr'>Aug.)</span> 
     </span>
    </p>
   </div>
   <div class='ocr_carea' id='block_1_4' title="bbox 134 1134 1723 1440">
    <p class='ocr_par' dir='ltr' id='par_1_10' title="bbox 217 1134 792 1182">
     <span class='ocr_line' id='line_1_16' title="bbox 217 1134 792 1182; baseline 0.002 -11"><span class='ocrx_word' id='word_1_85' title='bbox 217 1134 401 1182; x_wconf 84' lang='lat' dir='ltr'>Officium.</span> <span class='ocrx_word' id='word_1_86' title='bbox 461 1134 686 1172; x_wconf 70' lang='lat' dir='ltr'>Sacerdotes</span> <span class='ocrx_word' id='word_1_87' title='bbox 705 1135 792 1172; x_wconf 88' lang='lat' dir='ltr'>Dei.</span> 
     </span>
    </p>

    <p class='ocr_par' dir='ltr' id='par_1_11' title="bbox 218 1188 363 1225">
     <span class='ocr_line' id='line_1_17' title="bbox 218 1188 363 1225; baseline 0.007 -1"><span class='ocrx_word' id='word_1_88' title='bbox 218 1188 363 1225; x_wconf 82' lang='lat' dir='ltr'>Oratio.</span> 
     </span>
    </p>

    <p class='ocr_par' dir='ltr' id='par_1_12' title="bbox 134 1241 1723 1440">
     <span class='ocr_line' id='line_1_18' title="bbox 213 1241 1722 1292; baseline 0.001 -14"><span class='ocrx_word' id='word_1_89' title='bbox 213 1241 471 1279; x_wconf 84' lang='lat' dir='ltr'>Clementiam</span> <span class='ocrx_word' id='word_1_90' title='bbox 507 1246 617 1279; x_wconf 85' lang='lat' dir='ltr'>tuam</span> <span class='ocrx_word' id='word_1_91' title='bbox 654 1255 886 1292; x_wconf 77' lang='lat' dir='ltr'>quaesumUS,</span> <span class='ocrx_word' id='word_1_92' title='bbox 932 1243 1177 1292; x_wconf 85' lang='lat' dir='ltr'>omnipotens</span> <span class='ocrx_word' id='word_1_93' title='bbox 1216 1243 1334 1289; x_wconf 66' lang='lat' dir='ltr'>Deus,</span> <span class='ocrx_word' id='word_1_94' title='bbox 1374 1247 1419 1279; x_wconf 88' lang='lat' dir='ltr'>ut</span> <span class='ocrx_word' id='word_1_95' title='bbox 1456 1243 1722 1280; x_wconf 68' lang='lat' dir='ltr'>intercedente</span> 
     </span>
     <span class='ocr_line' id='line_1_19' title="bbox 134 1296 1723 1345; baseline 0.001 -14"><span class='ocrx_word' id='word_1_96' title='bbox 134 1307 205 1345; x_wconf 91' lang='lat' dir='ltr'>pro</span> <span class='ocrx_word' id='word_1_97' title='bbox 223 1296 335 1332; x_wconf 89' lang='lat' dir='ltr'>nobis</span> <span class='ocrx_word' id='word_1_98' title='bbox 354 1296 468 1332; x_wconf 87' lang='lat' dir='ltr'>beato</span> <span class='ocrx_word' id='word_1_99' title='bbox 483 1296 714 1345; x_wconf 80' lang='lat' dir='ltr'>Apollinare</span> <span class='ocrx_word' id='word_1_100' title='bbox 734 1299 905 1345; x_wconf 77' lang='lat' dir='ltr'>martyre</span> <span class='ocrx_word' id='word_1_101' title='bbox 929 1301 997 1333; x_wconf 88' lang='lat' dir='ltr'>tuo</span> <span class='ocrx_word' id='word_1_102' title='bbox 1022 1302 1140 1345; x_wconf 82' lang='lat' dir='ltr'>atque</span> <span class='ocrx_word' id='word_1_103' title='bbox 1159 1297 1352 1345; x_wconf 86' lang='lat' dir='ltr'>pontifice,</span> <span class='ocrx_word' id='word_1_104' title='bbox 1374 1296 1529 1332; x_wconf 85' lang='lat' dir='ltr'>veniam</span> <span class='ocrx_word' id='word_1_105' title='bbox 1548 1297 1723 1333; x_wconf 88' lang='lat' dir='ltr'>omnium</span> 
     </span>
     <span class='ocr_line' id='line_1_20' title="bbox 135 1350 1720 1399; baseline 0.002 -14"><span class='ocrx_word' id='word_1_106' title='bbox 135 1350 319 1398; x_wconf 88' lang='lat' dir='ltr'>consequi</span> <span class='ocrx_word' id='word_1_107' title='bbox 346 1362 563 1387; x_wconf 87' lang='lat' dir='ltr'>mereamur</span> <span class='ocrx_word' id='word_1_108' title='bbox 590 1351 867 1399; x_wconf 81' lang='lat' dir='ltr'>peccaminum,</span> <span class='ocrx_word' id='word_1_109' title='bbox 888 1354 927 1387; x_wconf 89' lang='lat' dir='ltr'>et</span> <span class='ocrx_word' id='word_1_110' title='bbox 946 1350 1070 1387; x_wconf 79' lang='lat' dir='ltr'>vitam</span> <span class='ocrx_word' id='word_1_111' title='bbox 1098 1352 1269 1399; x_wconf 80' lang='lat' dir='ltr'>accipere</span> <span class='ocrx_word' id='word_1_112' title='bbox 1298 1350 1496 1387; x_wconf 86' lang='lat' dir='ltr'>valeamus</span> <span class='ocrx_word' id='word_1_113' title='bbox 1524 1354 1720 1388; x_wconf 85' lang='lat' dir='ltr'>aeternam.</span> 
     </span>
     <span class='ocr_line' id='line_1_21' title="bbox 139 1402 460 1440; baseline -0.003 0"><span class='ocrx_word' id='word_1_114' title='bbox 139 1402 216 1440; x_wconf 90' lang='lat' dir='ltr'>Per</span> <span class='ocrx_word' id='word_1_115' title='bbox 235 1402 460 1440; x_wconf 87' lang='lat' dir='ltr'>Dominum.</span> 
     </span>
    </p>
   </div>
   <div class='ocr_carea' id='block_1_5' title="bbox 138 1456 1727 2206">
    <p class='ocr_par' dir='ltr' id='par_1_13' title="bbox 217 1456 674 1505">
     <span class='ocr_line' id='line_1_22' title="bbox 217 1456 674 1505; baseline 0.004 -13"><span class='ocrx_word' id='word_1_116' title='bbox 217 1456 404 1505; x_wconf 74' lang='lat' dir='ltr'>Epistola.</span> <span class='ocrx_word' id='word_1_117' title='bbox 461 1457 674 1494; x_wconf 84' lang='lat' dir='ltr'>Testificor.</span> 
     </span>
    </p>

    <p class='ocr_par' dir='ltr' id='par_1_14' title="bbox 221 1509 628 1548">
     <span class='ocr_line' id='line_1_23' title="bbox 221 1509 628 1548; baseline 0.002 -2"><span class='ocrx_word' id='word_1_118' title='bbox 221 1509 399 1547; x_wconf 70' lang='lat' dir='ltr'>Gradale.</span> <span class='ocrx_word' id='word_1_119' title='bbox 456 1510 485 1548; x_wconf 84' lang='lat' dir='ltr'><strong>J</strong></span> <span class='ocrx_word' id='word_1_120' title='bbox 487 1510 628 1548; x_wconf 86' lang='lat' dir='ltr'>uravit.</span> 
     </span>
    </p>

    <p class='ocr_par' dir='ltr' id='par_1_15' title="bbox 217 1563 816 1613">
     <span class='ocr_line' id='line_1_24' title="bbox 217 1563 816 1613; baseline 0.002 -13"><span class='ocrx_word' id='word_1_121' title='bbox 217 1563 414 1613; x_wconf 86' lang='lat' dir='ltr'>Alleluya.</span> <span class='ocrx_word' id='word_1_122' title='bbox 479 1564 516 1601; x_wconf 81' lang='lat' dir='ltr'>V.</span> <span class='ocrx_word' id='word_1_123' title='bbox 548 1564 631 1600; x_wconf 87' lang='lat' dir='ltr'>Iste</span> <span class='ocrx_word' id='word_1_124' title='bbox 649 1568 816 1602; x_wconf 88' lang='lat' dir='ltr'>sanctus.</span> 
     </span>
    </p>

    <p class='ocr_par' dir='ltr' id='par_1_16' title="bbox 217 1615 1544 1666">
     <span class='ocr_line' id='line_1_25' title="bbox 217 1615 1544 1666; baseline 0.002 -13"><span class='ocrx_word' id='word_1_125' title='bbox 217 1617 483 1665; x_wconf 68' lang='lat' dir='ltr'>Evanqetium.</span> <span class='ocrx_word' id='word_1_126' title='bbox 542 1617 663 1654; x_wconf 84' lang='lat' dir='ltr'>Facta</span> <span class='ocrx_word' id='word_1_127' title='bbox 681 1622 740 1655; x_wconf 87' lang='lat' dir='ltr'>est</span> <span class='ocrx_word' id='word_1_128' title='bbox 758 1617 970 1665; x_wconf 85' lang='lat' dir='ltr'>contentio,</span> <span class='ocrx_word' id='word_1_129' title='bbox 989 1617 1034 1654; x_wconf 85' lang='lat' dir='ltr'>in</span> <span class='ocrx_word' id='word_1_130' title='bbox 1054 1615 1259 1655; x_wconf 83' lang='lat' dir='ltr'>Communi</span> <span class='ocrx_word' id='word_1_131' title='bbox 1278 1617 1544 1666; x_wconf 72' lang='lat' dir='ltr'>apostolorum.</span> 
     </span>
    </p>

    <p class='ocr_par' dir='ltr' id='par_1_17' title="bbox 219 1670 703 1719">
     <span class='ocr_line' id='line_1_26' title="bbox 219 1670 703 1719; baseline 0.002 -11"><span class='ocrx_word' id='word_1_132' title='bbox 219 1670 473 1719; x_wconf 71' lang='lat' dir='ltr'>Offirtorium.</span> <span class='ocrx_word' id='word_1_133' title='bbox 531 1671 703 1709; x_wconf 85' lang='lat' dir='ltr'>Veritas.</span> 
     </span>
    </p>

    <p class='ocr_par' dir='ltr' id='par_1_18' title="bbox 217 1724 378 1762">
     <span class='ocr_line' id='line_1_27' title="bbox 217 1724 378 1762; baseline 0 -1"><span class='ocrx_word' id='word_1_134' title='bbox 217 1724 378 1762; x_wconf 79' lang='lat' dir='ltr'>Secreta.</span> 
     </span>
    </p>

    <p class='ocr_par' dir='ltr' id='par_1_19' title="bbox 138 1778 1727 1990">
     <span class='ocr_line' id='line_1_28' title="bbox 219 1778 1727 1828; baseline 0 -13"><span class='ocrx_word' id='word_1_135' title='bbox 219 1778 384 1815; x_wconf 84' lang='lat' dir='ltr'>Hostias</span> <span class='ocrx_word' id='word_1_136' title='bbox 429 1778 516 1826; x_wconf 88' lang='lat' dir='ltr'>tibi,</span> <span class='ocrx_word' id='word_1_137' title='bbox 563 1778 742 1824; x_wconf 86' lang='lat' dir='ltr'>Domine,</span> <span class='ocrx_word' id='word_1_138' title='bbox 789 1791 859 1828; x_wconf 87' lang='lat' dir='ltr'>pro</span> <span class='ocrx_word' id='word_1_139' title='bbox 904 1778 1271 1815; x_wconf 69' lang='lat' dir='ltr'>commemoratione</span> <span class='ocrx_word' id='word_1_140' title='bbox 1325 1779 1430 1815; x_wconf 87' lang='lat' dir='ltr'>beati</span> <span class='ocrx_word' id='word_1_141' title='bbox 1484 1778 1727 1828; x_wconf 79' lang='lat' dir='ltr'>Apollinaris</span> 
     </span>
     <span class='ocr_line' id='line_1_29' title="bbox 138 1831 1727 1882; baseline 0 -13"><span class='ocrx_word' id='word_1_142' title='bbox 138 1832 322 1881; x_wconf 83' lang='lat' dir='ltr'>martyris</span> <span class='ocrx_word' id='word_1_143' title='bbox 340 1831 403 1868; x_wconf 89' lang='lat' dir='ltr'>tui</span> <span class='ocrx_word' id='word_1_144' title='bbox 428 1836 547 1881; x_wconf 84' lang='lat' dir='ltr'>atque</span> <span class='ocrx_word' id='word_1_145' title='bbox 574 1833 770 1882; x_wconf 86' lang='lat' dir='ltr'>pontificis</span> <span class='ocrx_word' id='word_1_146' title='bbox 803 1832 1000 1869; x_wconf 84' lang='lat' dir='ltr'>offerimus</span> <span class='ocrx_word' id='word_1_147' title='bbox 1031 1832 1256 1881; x_wconf 71' lang='lat' dir='ltr'>suppliciter</span> <span class='ocrx_word' id='word_1_148' title='bbox 1283 1832 1541 1881; x_wconf 71' lang='lat' dir='ltr'>&lt;leprecante3‚</span> <span class='ocrx_word' id='word_1_149' title='bbox 1562 1837 1607 1869; x_wconf 88' lang='lat' dir='ltr'>ut</span> <span class='ocrx_word' id='word_1_150' title='bbox 1626 1833 1727 1869; x_wconf 87' lang='lat' dir='ltr'>sicut</span> 
     </span>
     <span class='ocr_line' id='line_1_30' title="bbox 138 1885 1727 1936; baseline 0.001 -14"><span class='ocrx_word' id='word_1_151' title='bbox 138 1886 199 1923; x_wconf 89' lang='lat' dir='ltr'>illi</span> <span class='ocrx_word' id='word_1_152' title='bbox 217 1885 421 1935; x_wconf 84' lang='lat' dir='ltr'>praebuisti</span> <span class='ocrx_word' id='word_1_153' title='bbox 447 1899 563 1923; x_wconf 84' lang='lat' dir='ltr'>sacrae</span> <span class='ocrx_word' id='word_1_154' title='bbox 590 1886 682 1923; x_wconf 80' lang='lat' dir='ltr'>fidei</span> <span class='ocrx_word' id='word_1_155' title='bbox 707 1886 936 1933; x_wconf 83' lang='lat' dir='ltr'>claritatem,</span> <span class='ocrx_word' id='word_1_156' title='bbox 962 1887 1015 1923; x_wconf 84' lang='lat' dir='ltr'>sic</span> <span class='ocrx_word' id='word_1_157' title='bbox 1042 1886 1155 1923; x_wconf 85' lang='lat' dir='ltr'>nobis</span> <span class='ocrx_word' id='word_1_158' title='bbox 1181 1886 1465 1936; x_wconf 82' lang='lat' dir='ltr'>indulgentiam</span> <span class='ocrx_word' id='word_1_159' title='bbox 1493 1887 1669 1936; x_wconf 79' lang='lat' dir='ltr'>largiaris</span> <span class='ocrx_word' id='word_1_160' title='bbox 1688 1891 1727 1923; x_wconf 89' lang='lat' dir='ltr'>et</span> 
     </span>
     <span class='ocr_line' id='line_1_31' title="bbox 139 1939 428 1990; baseline 0 -13"><span class='ocrx_word' id='word_1_161' title='bbox 139 1953 283 1990; x_wconf 87' lang='lat' dir='ltr'>pacem.</span> <span class='ocrx_word' id='word_1_162' title='bbox 341 1939 428 1977; x_wconf 89' lang='lat' dir='ltr'>Per.</span> 
     </span>
    </p>

    <p class='ocr_par' dir='ltr' id='par_1_20' title="bbox 221 1992 806 2044">
     <span class='ocr_line' id='line_1_32' title="bbox 221 1992 806 2044; baseline 0 -14"><span class='ocrx_word' id='word_1_163' title='bbox 221 1992 461 2031; x_wconf 88' lang='lat' dir='ltr'>Communio.</span> <span class='ocrx_word' id='word_1_164' title='bbox 520 1993 648 2031; x_wconf 83' lang='lat' dir='ltr'>Semel</span> <span class='ocrx_word' id='word_1_165' title='bbox 661 1994 806 2044; x_wconf 84' lang='lat' dir='ltr'>juravi.</span> 
     </span>
    </p>

    <p class='ocr_par' dir='ltr' id='par_1_21' title="bbox 219 2047 541 2084">
     <span class='ocr_line' id='line_1_33' title="bbox 219 2047 541 2084; baseline 0 0"><span class='ocrx_word' id='word_1_166' title='bbox 219 2047 541 2084; x_wconf 83' lang='lat' dir='ltr'>Postcommunio.</span> 
     </span>
    </p>

    <p class='ocr_par' dir='ltr' id='par_1_22' title="bbox 139 2100 1727 2206">
     <span class='ocr_line' id='line_1_34' title="bbox 220 2100 1727 2150; baseline 0 -12"><span class='ocrx_word' id='word_1_167' title='bbox 220 2101 283 2139; x_wconf 89' lang='lat' dir='ltr'>Ut</span> <span class='ocrx_word' id='word_1_168' title='bbox 310 2101 433 2147; x_wconf 90' lang='lat' dir='ltr'>nobis,</span> <span class='ocrx_word' id='word_1_169' title='bbox 465 2100 646 2146; x_wconf 87' lang='lat' dir='ltr'>Domine,</span> <span class='ocrx_word' id='word_1_170' title='bbox 673 2105 744 2137; x_wconf 92' lang='lat' dir='ltr'>tua</span> <span class='ocrx_word' id='word_1_171' title='bbox 770 2100 956 2137; x_wconf 87' lang='lat' dir='ltr'>sacrificia</span> <span class='ocrx_word' id='word_1_172' title='bbox 982 2100 1076 2137; x_wconf 85' lang='lat' dir='ltr'>dent</span> <span class='ocrx_word' id='word_1_173' title='bbox 1101 2100 1277 2146; x_wconf 80' lang='lat' dir='ltr'>salutem,</span> <span class='ocrx_word' id='word_1_174' title='bbox 1299 2100 1437 2139; x_wconf 87' lang='lat' dir='ltr'>beatus</span> <span class='ocrx_word' id='word_1_175' title='bbox 1467 2104 1616 2150; x_wconf 82' lang='lat' dir='ltr'>martyr</span> <span class='ocrx_word' id='word_1_176' title='bbox 1634 2105 1727 2138; x_wconf 88' lang='lat' dir='ltr'>tuus</span> 
     </span>
     <span class='ocr_line' id='line_1_35' title="bbox 139 2154 1507 2206; baseline 0 -14"><span class='ocrx_word' id='word_1_177' title='bbox 139 2154 382 2206; x_wconf 79' lang='lat' dir='ltr'>Apollinaris</span> <span class='ocrx_word' id='word_1_178' title='bbox 400 2158 519 2205; x_wconf 88' lang='lat' dir='ltr'>atque</span> <span class='ocrx_word' id='word_1_179' title='bbox 536 2155 726 2205; x_wconf 83' lang='lat' dir='ltr'>pontifex,</span> <span class='ocrx_word' id='word_1_180' title='bbox 747 2167 979 2204; x_wconf 72' lang='lat' dir='ltr'>quaesumus,</span> <span class='ocrx_word' id='word_1_181' title='bbox 1002 2159 1178 2204; x_wconf 84' lang='lat' dir='ltr'>precator</span> <span class='ocrx_word' id='word_1_182' title='bbox 1196 2154 1362 2191; x_wconf 83' lang='lat' dir='ltr'>accedat.</span> <span class='ocrx_word' id='word_1_183' title='bbox 1422 2154 1507 2192; x_wconf 87' lang='lat' dir='ltr'>Per.</span> 
     </span>
    </p>
   </div>
   <div class='ocr_carea' id='block_1_6' title="bbox 420 2293 1449 2345">
    <p class='ocr_par' dir='ltr' id='par_1_23' title="bbox 420 2293 1449 2345">
     <span class='ocr_line' id='line_1_36' title="bbox 420 2293 1449 2345; baseline -0.003 -12"><span class='ocrx_word' id='word_1_184' title='bbox 420 2295 473 2333; x_wconf 75' lang='grc' dir='ltr'>ΙΝ</span> <span class='ocrx_word' id='word_1_185' title='bbox 500 2295 673 2332; x_wconf 81' lang='lat' dir='ltr'>VIGILIA</span> <span class='ocrx_word' id='word_1_186' title='bbox 702 2305 842 2332; x_wconf 82' lang='lat' dir='ltr'>SANCTI</span> <span class='ocrx_word' id='word_1_187' title='bbox 870 2294 1030 2332; x_wconf 81' lang='lat' dir='ltr'>JACOBI.</span> <span class='ocrx_word' id='word_1_188' title='bbox 1091 2294 1188 2344; x_wconf 83' lang='lat' dir='ltr'>(viii.</span> <span class='ocrx_word' id='word_1_189' title='bbox 1212 2294 1303 2331; x_wconf 86' lang='lat' dir='ltr'>Kal.</span> <span class='ocrx_word' id='word_1_190' title='bbox 1326 2293 1449 2345; x_wconf 83' lang='lat' dir='ltr'>Aug.)</span> 
     </span>
    </p>
   </div>
   <div class='ocr_carea' id='block_1_7' title="bbox 144 2366 1726 3007">
    <p class='ocr_par' dir='ltr' id='par_1_24' title="bbox 225 2366 714 2416">
     <span class='ocr_line' id='line_1_37' title="bbox 225 2366 714 2416; baseline -0.006 -11"><span class='ocrx_word' id='word_1_191' title='bbox 225 2366 409 2416; x_wconf 85' lang='lat' dir='ltr'>Officium.</span> <span class='ocrx_word' id='word_1_192' title='bbox 468 2366 552 2416; x_wconf 86' lang='lat' dir='ltr'>Ego</span> <span class='ocrx_word' id='word_1_193' title='bbox 570 2370 714 2403; x_wconf 84' lang='lat' dir='ltr'>autem.</span> 
     </span>
    </p>

    <p class='ocr_par' dir='ltr' id='par_1_25' title="bbox 224 2418 1400 2468">
     <span class='ocr_line' id='line_1_38' title="bbox 224 2418 1400 2468; baseline -0.003 -9"><span class='ocrx_word' id='word_1_194' title='bbox 224 2421 367 2459; x_wconf 83' lang='lat' dir='ltr'>Oratio.</span> <span class='ocrx_word' id='word_1_195' title='bbox 427 2420 603 2457; x_wconf 84' lang='lat' dir='ltr'>Concede</span> <span class='ocrx_word' id='word_1_196' title='bbox 621 2420 744 2466; x_wconf 88' lang='lat' dir='ltr'>nobis,</span> <span class='ocrx_word' id='word_1_197' title='bbox 765 2432 994 2468; x_wconf 74' lang='lat' dir='ltr'>quaesumus,</span> <span class='ocrx_word' id='word_1_198' title='bbox 1017 2418 1263 2468; x_wconf 86' lang='lat' dir='ltr'>omnipotens</span> <span class='ocrx_word' id='word_1_199' title='bbox 1283 2420 1400 2456; x_wconf 85' lang='lat' dir='ltr'>Deus.</span> 
     </span>
    </p>

    <p class='ocr_par' dir='ltr' id='par_1_26' title="bbox 144 2472 1724 2567">
     <span class='ocr_line' id='line_1_39' title="bbox 223 2472 1724 2524; baseline -0.001 -12"><span class='ocrx_word' id='word_1_200' title='bbox 223 2475 415 2513; x_wconf 74' lang='lat' dir='ltr'>Memoria</span> <span class='ocrx_word' id='word_1_201' title='bbox 434 2475 480 2512; x_wconf 83' lang='lat' dir='ltr'>de</span> <span class='ocrx_word' id='word_1_202' title='bbox 507 2479 636 2512; x_wconf 77' lang='lat' dir='ltr'>sancto</span> <span class='ocrx_word' id='word_1_203' title='bbox 657 2473 865 2513; x_wconf 73' lang='lat' dir='ltr'>Christina.</span> <span class='ocrx_word' id='word_1_204' title='bbox 926 2472 1069 2519; x_wconf 83' lang='lat' dir='ltr'>Oratio,</span> <span class='ocrx_word' id='word_1_205' title='bbox 1092 2472 1135 2510; x_wconf 76' lang='lat' dir='ltr'>dc</span> <span class='ocrx_word' id='word_1_206' title='bbox 1157 2472 1371 2511; x_wconf 86' lang='lat' dir='ltr'>Communi.</span> <span class='ocrx_word' id='word_1_207' title='bbox 1430 2473 1549 2521; x_wconf 88' lang='lat' dir='ltr'>Deus,</span> <span class='ocrx_word' id='word_1_208' title='bbox 1570 2474 1637 2524; x_wconf 90' lang='lat' dir='ltr'>qui</span> <span class='ocrx_word' id='word_1_209' title='bbox 1657 2487 1724 2511; x_wconf 87' lang='lat' dir='ltr'>nos</span> 
     </span>
     <span class='ocr_line' id='line_1_40' title="bbox 144 2530 276 2567; baseline 0 -1"><span class='ocrx_word' id='word_1_210' title='bbox 144 2530 276 2567; x_wconf 74' lang='lat' dir='ltr'>beatae.</span> 
     </span>
    </p>

    <p class='ocr_par' dir='ltr' id='par_1_27' title="bbox 224 2581 409 2632">
     <span class='ocr_line' id='line_1_41' title="bbox 224 2581 409 2632; baseline 0 -13"><span class='ocrx_word' id='word_1_211' title='bbox 224 2581 409 2632; x_wconf 75' lang='lat' dir='ltr'>Epistola.</span> 
     </span>
    </p>

    <p class='ocr_par' dir='ltr' id='par_1_28' title="bbox 145 2633 1726 2738">
     <span class='ocr_line' id='line_1_42' title="bbox 225 2633 1726 2684; baseline -0.001 -11"><span class='ocrx_word' id='word_1_212' title='bbox 225 2636 459 2673; x_wconf 83' lang='lat' dir='ltr'>Benedictus</span> <span class='ocrx_word' id='word_1_213' title='bbox 478 2636 586 2672; x_wconf 90' lang='lat' dir='ltr'>Deus</span> <span class='ocrx_word' id='word_1_214' title='bbox 605 2638 645 2672; x_wconf 90' lang='lat' dir='ltr'>et</span> <span class='ocrx_word' id='word_1_215' title='bbox 664 2634 783 2671; x_wconf 85' lang='lat' dir='ltr'>Pater</span> <span class='ocrx_word' id='word_1_216' title='bbox 801 2633 964 2670; x_wconf 84' lang='lat' dir='ltr'>Domini</span> <span class='ocrx_word' id='word_1_217' title='bbox 981 2633 1105 2671; x_wconf 87' lang='lat' dir='ltr'>nostri</span> <span class='ocrx_word' id='word_1_218' title='bbox 1132 2633 1160 2671; x_wconf 82' lang='lat' dir='ltr'>J</span> <span class='ocrx_word' id='word_1_219' title='bbox 1163 2647 1230 2671; x_wconf 86' lang='lat' dir='ltr'>esu</span> <span class='ocrx_word' id='word_1_220' title='bbox 1259 2634 1416 2682; x_wconf 81' lang='lat' dir='ltr'>Christi,</span> <span class='ocrx_word' id='word_1_221' title='bbox 1438 2635 1505 2684; x_wconf 88' lang='lat' dir='ltr'>qui</span> <span class='ocrx_word' id='word_1_222' title='bbox 1524 2635 1726 2672; x_wconf 76' lang='lat' dir='ltr'>benedixit</span> 
     </span>
     <span class='ocr_line' id='line_1_43' title="bbox 145 2687 869 2738; baseline -0.006 -10"><span class='ocrx_word' id='word_1_223' title='bbox 145 2704 226 2738; x_wconf 88' lang='lat' dir='ltr'>nos,</span> <span class='ocrx_word' id='word_1_224' title='bbox 246 2691 291 2727; x_wconf 86' lang='lat' dir='ltr'>in</span> <span class='ocrx_word' id='word_1_225' title='bbox 311 2689 519 2728; x_wconf 79' lang='lat' dir='ltr'>Communi</span> <span class='ocrx_word' id='word_1_226' title='bbox 537 2689 657 2726; x_wconf 77' lang='lat' dir='ltr'>unius</span> <span class='ocrx_word' id='word_1_227' title='bbox 674 2687 869 2736; x_wconf 77' lang='lat' dir='ltr'>martyris.</span> 
     </span>
    </p>

    <p class='ocr_par' dir='ltr' id='par_1_29' title="bbox 228 2742 822 2791">
     <span class='ocr_line' id='line_1_44' title="bbox 228 2742 822 2791; baseline -0.005 -10"><span class='ocrx_word' id='word_1_228' title='bbox 228 2743 402 2781; x_wconf 68' lang='lat' dir='ltr'>Gradale.</span> <span class='ocrx_word' id='word_1_229' title='bbox 460 2743 488 2780; x_wconf 83' lang='lat' dir='ltr'><strong>J</strong></span> <span class='ocrx_word' id='word_1_230' title='bbox 491 2746 600 2779; x_wconf 86' lang='lat' dir='ltr'>ustus</span> <span class='ocrx_word' id='word_1_231' title='bbox 619 2746 666 2779; x_wconf 90' lang='lat' dir='ltr'>ut</span> <span class='ocrx_word' id='word_1_232' title='bbox 684 2742 822 2791; x_wconf 48' lang='lat' dir='ltr'>palm&amp;</span> 
     </span>
    </p>

    <p class='ocr_par' dir='ltr' id='par_1_30' title="bbox 146 2794 1724 2899">
     <span class='ocr_line' id='line_1_45' title="bbox 226 2794 1724 2844; baseline -0.001 -9"><span class='ocrx_word' id='word_1_233' title='bbox 226 2798 271 2835; x_wconf 82' lang='lat' dir='ltr'>Si</span> <span class='ocrx_word' id='word_1_234' title='bbox 297 2797 505 2834; x_wconf 81' lang='lat' dir='ltr'>Dominica</span> <span class='ocrx_word' id='word_1_235' title='bbox 533 2797 592 2843; x_wconf 79' lang='lat' dir='ltr'>sit,</span> <span class='ocrx_word' id='word_1_236' title='bbox 620 2796 814 2844; x_wconf 88' lang='lat' dir='ltr'>Alleluya.</span> <span class='ocrx_word' id='word_1_237' title='bbox 881 2794 919 2832; x_wconf 87' lang='lat' dir='ltr'>V.</span> <span class='ocrx_word' id='word_1_238' title='bbox 950 2794 978 2832; x_wconf 81' lang='lat' dir='ltr'>J</span> <span class='ocrx_word' id='word_1_239' title='bbox 980 2797 1091 2831; x_wconf 81' lang='lat' dir='ltr'>ustus</span> <span class='ocrx_word' id='word_1_240' title='bbox 1118 2808 1197 2833; x_wconf 90' lang='lat' dir='ltr'>non</span> <span class='ocrx_word' id='word_1_241' title='bbox 1225 2796 1533 2844; x_wconf 83' lang='lat' dir='ltr'>conturbabitur,</span> <span class='ocrx_word' id='word_1_242' title='bbox 1554 2797 1597 2834; x_wconf 88' lang='lat' dir='ltr'>in</span> <span class='ocrx_word' id='word_1_243' title='bbox 1618 2795 1724 2834; x_wconf 88' lang='lat' dir='ltr'>Com-</span> 
     </span>
     <span class='ocr_line' id='line_1_46' title="bbox 146 2851 612 2899; baseline -0.004 -10"><span class='ocrx_word' id='word_1_244' title='bbox 146 2851 259 2889; x_wconf 85' lang='lat' dir='ltr'>muni</span> <span class='ocrx_word' id='word_1_245' title='bbox 280 2851 400 2888; x_wconf 79' lang='lat' dir='ltr'>unius</span> <span class='ocrx_word' id='word_1_246' title='bbox 418 2851 612 2899; x_wconf 73' lang='lat' dir='ltr'>martyris.</span> 
     </span>
    </p>

    <p class='ocr_par' dir='ltr' id='par_1_31' title="bbox 228 2901 949 2953">
     <span class='ocr_line' id='line_1_47' title="bbox 228 2901 949 2953; baseline -0.003 -12"><span class='ocrx_word' id='word_1_247' title='bbox 228 2905 491 2953; x_wconf 70' lang='lat' dir='ltr'>Evanqelium.</span> <span class='ocrx_word' id='word_1_248' title='bbox 549 2904 649 2940; x_wconf 85' lang='lat' dir='ltr'>Haec</span> <span class='ocrx_word' id='word_1_249' title='bbox 668 2901 810 2939; x_wconf 86' lang='lat' dir='ltr'>mando</span> <span class='ocrx_word' id='word_1_250' title='bbox 828 2901 949 2939; x_wconf 85' lang='lat' dir='ltr'>vobis.</span> 
     </span>
    </p>

    <p class='ocr_par' dir='ltr' id='par_1_32' title="bbox 232 2957 908 3007">
     <span class='ocr_line' id='line_1_48' title="bbox 232 2957 908 3007; baseline -0.003 -11"><span class='ocrx_word' id='word_1_251' title='bbox 232 2957 482 3007; x_wconf 77' lang='lat' dir='ltr'>Offcrtorium.</span> <span class='ocrx_word' id='word_1_252' title='bbox 542 2957 676 2996; x_wconf 82' lang='lat' dir='ltr'>Gloria</span> <span class='ocrx_word' id='word_1_253' title='bbox 695 2960 734 2994; x_wconf 88' lang='lat' dir='ltr'>et</span> <span class='ocrx_word' id='word_1_254' title='bbox 752 2957 908 2994; x_wconf 90' lang='lat' dir='ltr'>honore.</span> 
     </span>
    </p>
   </div>
  </div>
 </body>
</html>
