1979 3348
731 236 855 276 Festa
888 233 1086 278 Octobri&
1618 240 1633 276 1
1646 239 1696 277 153

152 382 396 419 SANCTORUM
426 392 650 420 MARTYRUM
679 382 880 427 DIONYSII,
909 393 1191 427 socmRUMQUE
1219 393 1322 421 Esus.
1382 382 1463 429 (vii.
1486 383 1543 419 Id.
1568 383 1671 432 Oct.)

202 482 384 530 Officium.
442 483 573 520 Intret
591 483 633 519 in
652 487 868 532 conspectu.

202 537 345 572 Oratio.

200 589 318 635 Deus,
353 589 420 637 qui
448 590 634 627 hodierna
666 591 728 626 die
760 591 916 626 beatum
950 589 1182 638 Dionysium
1216 589 1364 625 virtute
1400 589 1625 625 constantiae
1654 589 1695 625 in

120 642 295 692 passione
314 644 527 690 roborasti,
555 644 698 692 quique
716 643 775 679 illi
798 643 846 679 ad
874 643 1162 691 praedicandum
1189 643 1369 692 gentibus
1396 642 1558 691 gloriam
1586 646 1695 678 tuam

121 696 328 732 Rusticum
354 700 392 732 et
423 697 692 733 Eleutherium
720 696 862 732 sociare
882 696 1062 744 dignatus
1082 709 1145 742 es;
1173 697 1301 732 tribue
1320 696 1441 742 nobis,
1464 709 1693 745 quaesumus,

121 762 170 785 ex
188 762 320 786 eorum
339 750 556 786 imitatione
585 763 652 799 pro
680 762 809 786 amore
836 754 904 785 tuo
931 762 1113 798 prospera
1140 750 1276 785 mundi
1296 749 1500 798 despicere,
1521 754 1559 786 et
1587 749 1696 786 nulla

120 803 202 850 ejus
221 803 381 839 adversa
399 803 614 840 formidare.
674 803 750 839 Per
769 803 992 840 Dominum.

198 857 381 904 Epistola.
438 857 564 893 Lectio
583 857 753 893 Actuum
770 856 1037 904 Apostolorum
1056 856 1168 904 (xvii.
1193 855 1346 905 22-34).

198 909 249 945 In
268 910 402 946 diebus
426 910 514 956 illis,
537 911 651 946 Stans
681 910 826 946 Paulus
849 910 891 946 in
916 910 1041 946 medio
1061 910 1258 959 Areopagi
1286 922 1403 957 ¹usque
1431 910 1483 946 ad
1510 910 1577 946 alii
1605 923 1691 946 cuin

117 961 172 999 eis
191 963 436 1000 crediderunt
456 963 625 999 Domino
643 964 670 1000 J
674 977 740 1000 esu
760 963 923 1000 Christo.

200 1016 376 1053 Gradule.
435 1016 642 1054 Gloriosus.

196 1070 392 1119 Alleluya.
458 1070 495 1107 V.
526 1070 553 1107 J
557 1071 635 1107 usti
655 1070 871 1120 epulentur.

197 1123 410 1171 »Sequentia
469 1124 567 1160 Ecce
586 1124 756 1173 pulchra,
777 1130 821 1160 ut
840 1124 883 1160 in
904 1123 1119 1162 Communi.

196 1177 459 1223 Evcmgyelimn.
518 1177 669 1214 Videns
688 1178 822 1214 turbas
842 1177 870 1214 J
873 1190 969 1214 esus.

199 1230 450 1277 Qffertorc'um.
510 1231 717 1267 Laetamini
735 1231 777 1267 in
797 1231 977 1268 Domino.

196 1284 353 1321 Secreta.

197 1337 350 1380 Hostia,
383 1338 563 1381 Domine,
595 1351 822 1387 quaesumus,
853 1351 968 1386 quam
998 1339 1040 1374 in
1070 1346 1290 1374 sanctorum
1316 1341 1473 1374 tuorum
1502 1337 1694 1386 Dionysii,

116 1390 281 1438 Rustici,
304 1396 342 1428 et
367 1391 585 1428 Eleutherii
610 1392 799 1428 natalitiis
827 1396 1065 1428 recensentes
1092 1392 1299 1436 offerimus,
1320 1396 1359 1427 et
1378 1391 1534 1427 vincula
1556 1395 1696 1427 nostrae

116 1445 321 1493 pravitatis
358 1445 544 1491 absolvat,
583 1449 622 1481 et
659 1450 736 1481 tuae
774 1445 885 1482 nobis
921 1445 1191 1482 misericordiae
1229 1445 1330 1481 dona
1367 1444 1554 1482 conciliet.
1618 1445 1694 1481 Per

117 1498 342 1535 Dominum.
564 1494 566 1497 ¹

197 1550 430 1590 Commmm'o.
490 1552 603 1589 Beati
623 1552 766 1588 mundo
786 1552 907 1588 corde.

195 1605 513 1642 Postcommunsio.

197 1658 381 1707 Sumptis,
404 1659 582 1704 Domine,
606 1658 818 1695 caelestibus
838 1658 1098 1705 sacramentis,
1117 1671 1346 1707 quaesumus,
1367 1658 1695 1695 intercedentibus

113 1712 236 1749 beatis
255 1712 490 1761 martyribus
508 1712 588 1748 tuis
608 1712 807 1761 Dionysio,
829 1712 1003 1758 Rustico,
1025 1716 1064 1748 et
1092 1711 1330 1759 Eleutherio,
1347 1712 1398 1748 acl
1417 1712 1692 1760 redemptionis

114 1770 267 1803 aeternae
286 1766 528 1815 proficiamus
547 1770 810 1814 augmentum.
870 1765 955 1802 Per.

196 1901 341 1938 Eomm
370 1912 439 1937 DIE
468 1912 604 1938 SANCTI
633 1901 660 1938 J
664 1912 840 1938 OHANNIS
868 1912 920 1938 DE
948 1900 1266 1938 Bmmmwow
1324 1900 1403 1946 (vii.
1427 1901 1485 1937 Id.
1509 1900 1613 1950 Oct.)

197 2004 207 2029 ae
216 1999 378 2045 fficium.
437 1998 519 2047 Ego
538 2002 668 2035 autem
687 1999 729 2034 in
748 1998 978 2035 innocentia.

194 2052 324 2088 Psalm
334 2066 385 2090 us.
443 2052 470 2088 J
476 2052 594 2088 udica.

197 2106 338 2144 Oratio.

196 2159 312 2201 Deus,
334 2159 423 2207 quia
443 2163 583 2207 przeter
601 2163 640 2195 te
664 2159 795 2195 nullus
821 2163 878 2195 est
907 2159 1016 2205 alius,
1039 2162 1078 2195 et
1103 2158 1194 2207 quia
1224 2164 1262 2195 te
1286 2171 1397 2195 nosse
1427 2162 1692 2195 consummata

116 2216 174 2249 est
187 2213 355 2261 justitia,
376 2217 526 2261 praesta,
549 2226 778 2261 quaesumus,
800 2217 844 2249 ut
868 2213 967 2248 sicut
986 2213 1121 2249 beatus
1149 2212 1175 2248 J
1179 2211 1359 2257 ohannes,
1381 2212 1573 2249 confessor
1600 2216 1691 2248 tuus

114 2270 153 2302 te
173 2279 293 2302 unum
314 2270 352 2302 et
371 2266 520 2302 trinum
540 2266 667 2302 Deum
688 2279 766 2302 esse
786 2266 977 2315 cognovit,
997 2266 1052 2302 ita
1077 2266 1159 2314 ipso
1188 2279 1257 2315 pro
1286 2266 1396 2302 nobis
1416 2266 1689 2311 intercedente,

115 2320 164 2356 da
182 2333 314 2369 pacem
334 2320 475 2356 mentis
495 2323 533 2356 et
551 2320 599 2355 ab
619 2320 795 2356 omnibus
815 2333 883 2356 nos
902 2320 1055 2356 absolve
1075 2320 1248 2369 peccatis.

193 2374 318 2410 Lectio
339 2374 390 2410 ad
413 2373 651 2410 Timotheum
670 2374 716 2421 (2
737 2373 778 2409 ii.
805 2374 958 2423 19-25).

195 2427 386 2475 Cognovit
405 2426 596 2463 Dominus
616 2427 683 2475 qui
707 2431 798 2463 sunt
824 2428 905 2476 ejus
932 2440 1049 2475 usque
1074 2427 1126 2463 (cd
1152 2426 1220 2474 qui
1244 2427 1431 2463 resistunt
1450 2427 1618 2473 veritati,
1641 2427 1691 2463 In

114 2480 143 2517 J
146 2493 211 2517 esu
231 2480 385 2517 Christo
405 2481 574 2516 Domino
593 2485 734 2518 nostro.

196 2534 369 2571 Graclale.
427 2534 510 2583 Ego
529 2538 659 2571 autem
678 2534 720 2570 in
741 2534 909 2570 Domino
927 2533 1088 2583 speravi.

124 2587 160 2624 V.
197 2588 279 2637 Ego
298 2593 428 2625 autem
447 2601 533 2624 cum
547 2588 715 2636 justitia.

126 2640 163 2678 V.
198 2641 281 2690 Ego
300 2646 431 2678 autem
450 2642 498 2678 ad
519 2641 742 2678 Dominum.

197 2694 416 2732 ›S'ecuudum
434 2695 580 2731 Lucam
599 2695 727 2743 (xviii.
753 2695 902 2743 17-30).

196 2748 247 2784 In
266 2749 331 2784 illo
355 2753 539 2798 tempore,
561 2749 677 2785 Dixit
700 2748 728 2785 J
732 2761 817 2785 esus
845 2748 1041 2797 discipulis
1070 2748 1148 2785 suis
1167 2761 1174 2784 :
1203 2748 1342 2794 Amen,
1368 2748 1452 2785 dico
1471 2748 1580 2785 vobis
1609 2749 1692 2798 qui-

117 2813 268 2850 cunque
287 2815 365 2838 non
384 2802 572 2851 acceperit
591 2816 708 2850 usque
727 2803 780 2838 (od
799 2806 838 2838 et
857 2802 897 2838 in
917 2802 1053 2838 saeculo
1073 2802 1207 2838 futuro
1227 2802 1349 2839 vitam
1370 2807 1564 2840 aeternam.

198 2855 447 2902 Qffertorium.
508 2856 588 2905 Ego
607 2860 739 2892 autem
759 2856 858 2892 sicut
877 2856 988 2892 oliva..

196 2939 211 2953 *
235 2939 314 2967 This
333 2939 419 2969 Mass
439 2949 549 2968 occurs
563 2940 638 2977 only
652 2940 684 2967 in
700 2940 768 2968 MS.
786 2940 813 2968 D
829 2941 861 2968 in
876 2941 939 2969 this
953 2940 1049 2978 place,
1064 2940 1125 2968 and
1140 2941 1272 2970 without
1288 2941 1356 2971 date
1372 2942 1403 2971 of
1418 2942 1511 2972 Feast
1531 2942 1562 2971 in
1578 2942 1646 2972 MS.
1664 2943 1689 2972 E

121 2977 257 3006 towards
270 2978 322 3006 the
337 2978 405 3008 oud.
449 2979 486 3007 In
502 2979 554 3008 the
571 2980 651 3009 Acta
667 2979 723 3008 ΞΒ.
741 2979 792 3009 thc
808 2979 877 3009 date
892 2980 987 3017 given
1002 2980 1030 3009 is
1046 2979 1104 3009 VI.
1122 2980 1167 3009 Id.
1186 2980 1252 3010 Oct.

196 3028 284 3055 VOL.
305 3030 349 3056 ΙΙ.
871 3031 887 3057 Ι
