1979 3348
734 221 861 264 Festa
889 221 1099 276 Auyusti.
1652 227 1705 266 85

558 330 592 369 Ο
612 343 729 381 quam
747 331 939 368 mirabilis

557 384 612 421 Et
630 398 748 434 quam
766 385 972 422 laudabilis

614 437 713 476 Haec
733 442 790 475 est
810 439 1016 488 virginitas
1030 452 1043 487 3

556 491 608 528 In
628 505 705 542 qua
723 505 792 541 per
812 492 1003 541 Spiritum

556 545 678 582 Facta
696 545 936 582 Paraclitum

611 598 740 636 Fulsit
759 599 986 636 fecunditas.

558 652 591 689 Ο
612 665 729 701 quam
748 653 874 701 digna,
898 666 1015 701 quam
1034 665 1178 699 serena,

558 706 685 751 Quam
705 705 883 754 benigna,
903 719 1020 754 quam
1039 719 1203 754 amoena,

611 759 675 795 Ex
695 772 771 808 qua
792 759 971 796 Christus
990 760 1173 797 nascitur.

557 812 634 849 Per
652 825 769 861 quam
789 813 957 849 servitus
975 812 1124 860 finitur,

557 866 678 902 Porta
697 866 781 902 caeli
801 866 989 915 aperitur,

610 919 664 955 Et
682 919 841 956 libertas
861 920 1046 957 redditur.

558 973 591 1009 O
612 973 802 1010 castitatis
822 973 961 1020 lilium,

557 1026 686 1063 Tuum
705 1025 888 1076 precare÷÷
908 1027 1069 1074 Filium,

612 1080 691 1125 Qui
709 1081 811 1117 salus
831 1084 890 1117 est
907 1081 1116 1118 humilium
1134 1094 1145 1128 3

557 1133 621 1170 Ne
640 1147 709 1171 nos
729 1147 798 1183 pro
821 1138 955 1172 nostro
974 1135 1073 1172 vitio

557 1187 609 1224 In
628 1187 751 1224 flebili
765 1188 915 1237 judicio

612 1241 805 1290 subjiciat
825 1241 1013 1291 supplicio
1029 1254 1040 1288 3

559 1295 635 1332 Sed
653 1308 723 1331 nos
742 1299 812 1332 tua
832 1299 965 1332 sancta
983 1308 1095 1344 prece

612 1348 811 1385 Mundans
831 1362 853 1385 a
871 1350 1020 1398 peccati
1038 1349 1139 1396 faece,

559 1401 732 1439 Colloeet
751 1403 794 1439 in
812 1403 909 1439 lueis
930 1403 1055 1450 domo,

613 1456 741 1500 Quam
760 1469 829 1505 per
847 1460 887 1493 te
907 1457 1052 1505 recepit
1070 1457 1196 1494 homO.

368 1613 418 1649 ΙΝ
448 1613 614 1649 OCTAVA
643 1623 786 1649 SANCTI
816 1612 1056 1650 LAURENTII.
1116 1611 1211 1664 (xvi.
1236 1612 1327 1650 Kal.
1351 1612 1475 1664 Sept.)

219 1708 248 1744 O
289 1707 401 1744 cium.

208 1706 399 1807 Piiibasti,
418 1760 597 1807 Domine,
620 1773 684 1796 eor
702 1773 833 1797 meum
852 1763 893 1796 et
910 1760 1082 1797 visitasti
1101 1764 1214 1797 noete
1231 1775 1238 1798 :
1267 1761 1356 1810 igne
1375 1774 1437 1798 me
1457 1762 1716 1799 examinasti:

130 1819 170 1853 et
188 1828 268 1852 non
287 1819 346 1851 est
364 1815 527 1851 inventa
545 1814 587 1850 in
607 1827 668 1851 me
687 1814 886 1863 iniquitas.

212 1876 403 1913 Psalmus.

210 1931 375 1977 Exaudi,
398 1930 581 1976 Domine,
595 1929 796 1979 justitiam
816 1942 943 1966 meam
960 1943 967 1965 :
997 1929 1159 1966 intende
1178 1930 1489 1979 deprecationem
1508 1943 1645 1968 meam.

219 1991 361 2029 Oratio.

211 2045 327 2082 Beati
359 2045 565 2082 Laurentii
591 2045 776 2093 martyris
804 2045 865 2081 tui
892 2058 973 2091 nOS,
995 2045 1175 2091 Domine,
1202 2045 1319 2082 faeiat
1345 2046 1472 2095 passio
1499 2046 1720 2084 veneranda

128 2100 306 2136 laetantes
321 2112 331 2145 ;
360 2103 399 2136 et
431 2103 476 2135 ut
509 2112 593 2135 eam
624 2099 861 2136 sufficienter
890 2099 1116 2145 recolamus,
1145 2099 1286 2136 efficiat
1316 2100 1584 2150 promptiores.
1643 2101 1719 2137 Per

134 2153 359 2190 Dominum.

212 2214 399 2263 Epistola.
458 2214 603 2251 Beatus
624 2215 694 2260 vir,
716 2214 784 2263 qui
802 2213 986 2250 inventus
1006 2218 1073 2251 est.

214 2275 392 2313 Gradale.
449 2275 636 2312 Posuisti.

212 2330 409 2379 Alleluya.
478 2329 514 2366 V.
547 2329 688 2366 Levita
708 2328 957 2366 Laurentius.

215 2391 479 2439 Evangyelium.
539 2391 618 2436 Qui
636 2395 742 2427 amat
761 2394 924 2440 patrem.

223 2444 472 2492 Offertorium.
532 2445 582 2481 In
601 2445 749 2482 virtute
768 2449 846 2481 tua.

216 2497 376 2536 Secreta.

215 2551 331 2588 Beati
367 2552 571 2589 Laurentii
613 2552 796 2601 martyris
832 2552 894 2588 tui
930 2552 1197 2589 honorabilem
1234 2552 1451 2602 passionem
1484 2553 1722 2600 muneribus,

134 2606 313 2651 Domine,
353 2606 561 2655 geminatis
598 2606 873 2654 exsequimur,-
921 2619 1006 2655 quae
1044 2606 1136 2643 licet
1181 2607 1349 2657 propriis
1387 2607 1439 2644 sit
1476 2607 1726 2644 memoranda

133 2659 348 2708 principiis,
397 2659 664 2696 indesinenter
708 2664 841 2696 tamen
886 2664 1088 2708 permanet
1133 2661 1308 2711 gloriosa.
1386 2661 1464 2699 Per
1509 2662 1726 2699 Dominum

137 2717 326 2750 nostrum.
437 2755 446 2765 ⁸

218 2766 456 2804 Communia
516 2767 595 2812 Qui
613 2767 701 2803 vult
720 2767 854 2803 venire
874 2770 963 2816 post
983 2780 1054 2804 me.

223 2829 540 2866 Postcommunio.

219 2882 423 2919 Sollemnis
460 2882 572 2919 nobis
608 2882 833 2919 intercessio
870 2883 974 2919 beati
1013 2882 1219 2921 Laurentii
1256 2885 1453 2934 martyris,
1494 2896 1727 2933 quaesumus,

792 2967 806 2981 '⁴
830 2966 898 2996 Ms.
915 2966 1088 2996 D—exora.
