1979 3348
822 217 986 258 Prosoe.
1617 217 1700 258 293

119 328 285 365 Paulum
305 340 437 376 aspera
458 327 562 364 inter
580 327 707 364 vincla
726 327 836 377 signa
854 327 1091 364 comitantur
1109 326 1291 372 maxima,
1308 326 1427 363 donec
1441 325 1549 362 urbis
1568 325 1702 362 Rom'ae

224 381 323 418 celsa
341 381 520 417 visitaret
537 381 715 417 culmina.

118 435 260 472 Petrus
279 435 409 471 omnia
430 435 544 471 verbo
564 439 675 471 sanat
693 434 858 480 infirma,
879 438 1066 483 praestans
1085 433 1193 470 caecis
1207 433 1368 479 lumina,
1384 432 1574 470 suscitans
1593 431 1702 469 cada-

224 501 326 534 vera,
348 488 442 524 dans
462 495 501 524 et
521 489 631 524 bonis
652 492 790 524 cuncta
809 489 958 525 cunctis
979 488 1087 524 bona.

117 542 278 578 Adsunt
296 542 448 590 gemina
468 542 506 577 in
530 541 655 578 Roma
683 541 922 587 candelabra,
944 554 1109 590 quorum
1128 541 1260 577 lucent
1278 540 1428 577 lumina
1446 540 1550 576 inter
1567 538 1704 576 mundi

224 595 381 632 climata
400 595 490 631 solis
509 596 558 631 ab
578 599 717 631 exortu
738 599 777 631 et
798 608 942 631 occasu.

118 649 216 685 Haec
235 649 339 685 inter
358 654 470 685 tanta
489 649 634 685 famina
652 648 734 684 caeli
754 648 1016 684 conscendunt
1034 647 1175 697 gaudia
1193 647 1264 683 hac
1284 647 1344 683 die
1364 651 1508 683 sancta.

119 702 195 739 Per
222 715 388 751 quorum
416 716 485 739 nos
513 702 703 752 suffragia,
725 701 879 738 Christe
907 701 1088 747 salvator,
1118 701 1178 750 adj
1188 715 1262 738 uva
1290 705 1407 750 atque
1435 713 1620 737 conserva
1637 711 1707 749 per

221 756 340 794 saecla.

807 841 1016 878 XXVIII.

151 922 216 959 DE
244 923 507 959 Pssmmmssus
536 933 659 959 LAURI
689 933 931 960 PorEN'rissos
960 922 1094 959 PETRo
1124 933 1261 960 summo
1290 933 1341 959 Ac
1368 921 1509 958 PAULO
1538 931 1664 958 causo.

198 999 393 1047 Alleluya.

120 1064 298 1100 SANCTUS
328 1064 496 1108 Pmms,
528 1062 706 1099 MAGNUS
735 1063 912 1108 PAULUs,

120 1117 308 1154 Doctores
327 1117 429 1152 orbis
449 1122 565 1166 atque
585 1117 767 1166 praeclara
786 1117 923 1153 mundi
941 1116 1102 1163 lumina,

119 1171 287 1220 Superni
307 1171 406 1219 regis
427 1170 618 1219 praesules,
641 1175 844 1207 narrantes
864 1170 947 1207 caeli
965 1170 1144 1219 gloriam:

119 1224 262 1261 Petrus
282 1224 566 1272 Hierosolymis
585 1238 724 1273 magno
743 1225 874 1260 favore
902 1224 1036 1273 populi
1055 1237 1212 1260 corusca
1236 1236 1372 1272 gerens
1391 1222 1577 1259 miracula
1593 1237 1600 1259 :

120 1278 174 1314 Et
194 1278 340 1314 Paulus
359 1278 398 1313 in
422 1278 573 1314 Graeeia
591 1278 908 1327 philosophorum
928 1283 1084 1326 pectora
1103 1279 1293 1313 miranter
1311 1277 1406 1314 facit
1426 1276 1636 1326 stupentia.

121 1332 307 1380 Confligit
326 1332 436 1368 docte
458 1332 597 1367 Petrus
617 1345 703 1368 cum
724 1332 880 1368 Simone
900 1345 1010 1380 mago
1032 1336 1221 1380 potenter,
1238 1344 1353 1380 quem
1372 1331 1534 1366 retrusit
1548 1334 1707 1366 tarta-ra.

124 1385 285 1421 Resistit
304 1390 435 1421 sancto
462 1385 585 1421 Paulo
604 1398 738 1434 magus
759 1385 916 1433 Elymas
936 1389 1172 1434 arroganter,
1194 1385 1271 1421 duo
1291 1384 1421 1421 amisit
1440 1384 1601 1420 lumina.

121 1439 225 1475 Olim
239 1440 323 1487 jam
344 1439 504 1475 Petrum
528 1439 706 1475 Christus
721 1440 969 1488 navigantem
985 1452 1054 1488 per
1072 1439 1195 1475 undas
1215 1439 1261 1475 de
1281 1439 1374 1475 navi
1393 1437 1548 1474 vocavit
1567 1437 1707 1483 dicens,

227 1493 449 1542 Principem
475 1493 654 1529 Ecclesiae
676 1497 714 1529 te
740 1506 899 1541 pomum
933 1493 1070 1529 faciam
1092 1493 1323 1541 piscatorem
1348 1492 1571 1537 hominum3
1604 1491 1713 1539 sequi

227 1559 345 1582 cures.

121 1601 174 1636 Et
188 1599 357 1636 Paulum
377 1600 458 1649 ipse
480 1599 657 1636 Christus
672 1600 980 1636 inflammantem
1001 1600 1028 1636 J
1032 1600 1182 1636 udaeam
1202 1599 1248 1635 de
1269 1599 1359 1635 caelo
1373 1599 1556 1635 clamavit
1568 1598 1710 1642 dicens,

228 1653 416 1690 Gentium
435 1654 663 1703 magistrum
683 1658 722 1690 te
737 1667 877 1702 ponam
887 1667 897 1700 3
922 1654 1059 1690 faciam
1081 1654 1239 1690 doctum
1259 1666 1327 1689 vas
1352 1656 1392 1689 te
1418 1653 1514 1688 mihi
1534 1652 1712 1688 doctrina

226 1720 328 1745 sana.

121 1761 231 1798 Celsa
258 1762 440 1797 caelorum
460 1761 615 1810 agmina
634 1761 859 1810 angelorum
879 1761 1063 1797 laetantur
1081 1761 1212 1797 videre
1233 1760 1433 1797 Christum
1455 1760 1600 1796 Filium
1620 1759 1708 1804 Dei,

227 1814 368 1851 Petrus
387 1815 498 1850 illum
519 1816 560 1850 in
586 1816 698 1851 terris
719 1816 911 1851 confessus
931 1819 989 1851 est
1009 1828 1101 1851 voce
1120 1814 1320 1863 praecipua.

123 1868 217 1905 Caeli
235 1873 382 1904 secreta
404 1868 623 1917 penetravit
642 1873 681 1905 et
701 1868 846 1904 Paulus
862 1882 871 1915 3
898 1869 1074 1917 gentium
1095 1869 1209 1904 datus
1235 1869 1369 1904 doctor
1391 1867 1586 1917 sapienter
1603 1880 1713 1903 mun-

227 1922 321 1958 dum
341 1922 513 1967 irradiat,
535 1923 582 1959 ad
603 1923 726 1958 vitam
744 1926 971 1971 perpetuam
992 1921 1162 1959 caelitus'x‘
1181 1922 1336 1958 invitat.

122 1975 263 2012 Petrus
291 1976 339 2012 ab
369 1976 526 2012 Herode
546 1978 692 2025 captim,
716 1976 853 2012 vinclis
873 1989 996 2012 nexus
1024 1977 1065 2012 in
1085 1976 1270 2020 custodia,
1292 1976 1340 2011 ab
1360 1975 1495 2024 angelo
1514 1975 1711 2020 liberatus,

226 2030 370 2079 gaudet
399 2029 570 2066 Ecclesia
597 2043 748 2079 magna.

122 2083 269 2119 Paulus
288 2084 336 2119 ab
355 2083 382 2120 J
386 2083 505 2119 udaeis
523 2087 669 2129 tentus,
691 2082 890 2119 convictus
910 2083 1101 2119 Caesarem
1120 2083 1303 2132 appellat,
1323 2082 1432 2118 miris
1452 2082 1573 2131 signis
1592 2094 1713 2131 usque

228 2136 394 2173 Romam
414 2136 536 2185 fulget
554 2137 653 2173 mari
672 2141 788 2185 atque
808 2141 922 2173 terra.

122 2189 262 2226 Petrus
291 2190 457 2239 denique
477 2203 588 2226 aures
608 2190 744 2239 pandit
769 2191 956 2235 obtrusas,
978 2190 1127 2227 animas
1147 2190 1339 2240 purificat,
1363 2202 1598 2240 corporaque
1617 2189 1715 2225 inte-

227 2248 325 2293 grat,
348 2244 455 2280 caecis
475 2244 606 2280 lumen
626 2248 795 2293 praestat,
816 2244 930 2280 corda
949 2248 1071 2280 sanat.

121 2297 267 2334 Paulus
295 2298 461 2346 denique
490 2311 614 2334 mores
643 2298 779 2346 pandit
808 2297 997 2344 honestos,
1014 2298 1211 2346 justitiam
1240 2297 1436 2346 praedicat,
1466 2296 1713 2346 prudentiam

228 2351 390 2397 dedicat,
414 2351 649 2387 fortissimus
668 2351 790 2388 instat
810 2352 1063 2400 praedicando.

122 2404 266 2441 Valido
287 2405 434 2453 pollent
452 2405 607 2450 famine,
629 2405 764 2441 caelum
785 2410 989 2442 assumunt
1007 2405 1111 2441 rabie
1131 2404 1373 2442 Neroniana:

122 2458 260 2508 Regna
278 2463 420 2508 petunt
439 2459 594 2495 celestia
614 2473 621 2496 :
644 2459 754 2495 nobis
774 2463 981 2509 precentur
1000 2459 1154 2495 veniam
1175 2472 1377 2508 precamur
1397 2471 1539 2495 omnes.

125 2512 186 2549 Sic
201 2512 284 2550 fiat.

831 2594 999 2631 XXIX.

567 2674 648 2725 (DE
677 2686 838 2712 SAucrts
869 2675 1004 2712 PErsso
1033 2686 1082 2712 ET
1111 2675 1285 2726 PAULO.)

472 2751 596 2787 Proser,
616 2752 668 2788 ad
686 2750 892 2800 Sequentia
920 2752 971 2788 In
991 2765 1147 2789 omnem
1164 2756 1322 2789 terram.

470 2815 666 2864 Alleluya.

381 2881 526 2918 LAUDE
554 2892 739 2918 JocUNDA
768 2892 907 2927 MELos,
928 2887 973 2918 ut
991 2895 1112 2931 supra
1132 2881 1225 2930 (vol.
1249 2882 1290 2918 ij.
1311 2894 1347 2932 p.
1370 2881 1449 2931 59).

771 2972 787 2989 ἕ
802 2971 1052 3001 MS.—caelibus.
