1979 3348
838 202 992 243 Prosoe.
1633 201 1715 244 297

794 340 1002 377 XXXVI.

662 423 745 474 (Dm
773 433 923 459 simc'ro
952 421 1180 472 MAnrmo.)

207 504 331 541 Prosa
349 502 404 540 acl
420 503 626 552 Sequentia
647 503 841 548 Quoniam
861 503 968 539 Deus
987 503 1120 552 ‘'najor.

210 569 403 618 Alleluya.

130 633 329 670 PROMERE
357 643 521 669 CHORDA
534 633 617 681 jam
638 636 799 668 conetur
818 631 958 668 intima

129 687 310 723 Carmine
330 686 441 735 signa
461 686 628 722 Martini
647 685 851 721 multiflua.

130 741 310 777 Gestavit
342 741 408 788 qui
441 740 577 776 bellica
610 739 741 776 meriti
770 739 849 775 tela
878 739 979 775 mole
1011 738 1175 787 praedita
1203 738 1352 775 Christi
1384 738 1544 774 dextera
1577 737 1718 774 collata

236 794 438 830 munifica:

129 848 206 884 Per
229 860 315 896 quae
345 847 504 884 vincens
533 846 689 895 agmina
715 845 909 882 virtutum
933 845 1062 881 studio
1087 845 1287 882 Tartarica
1306 845 1390 882 caeli
1414 845 1615 893 splendida
1634 859 1718 882 con-

237 900 435 937 scenderet
454 900 603 949 gaudia.

129 955 259 991 Natus
278 967 368 990 nam
388 954 615 1003 praefulgida
636 953 826 1001 locuplete
845 952 939 989 satis
958 952 1148 1001 prosapia,

129 1008 321 1044 Mandata
340 1008 470 1057 legens
489 1020 606 1052 sacra,
628 1007 826 1042 mundana
844 1006 1015 1042 descruit
1034 1019 1224 1056 prospera.

130 1061 323 1110 Baptismi
342 1065 581 1097 sacramenta
599 1060 764 1096 necdum
782 1060 997 1109 percipiens
1016 1059 1142 1106 solita,

130 1115 244 1152 Texit
263 1115 373 1163 egeni
391 1115 497 1151 nuda
516 1115 628 1151 corde
650 1114 797 1150 Christi
814 1127 950 1163 gerens
972 1114 1130 1150 monita.

129 1168 205 1206 Sed
223 1168 271 1205 de
299 1181 437 1217 supera
464 1172 592 1205 certus
611 1167 742 1204 laurea
770 1167 873 1217 quod
900 1167 1070 1212 duraret,
1092 1167 1196 1204 fatur
1223 1167 1292 1204 illa
1316 1167 1436 1204 verba
1455 1170 1577 1203 strato
1596 1167 1718 1215 quies-

239 1222 342 1258 centi
361 1222 465 1258 talia.

130 1276 329 1313 Martinus
366 1276 444 1312 fida
480 1288 616 1325 gerens
651 1279 817 1324 pectora,
847 1275 997 1324 pollens
1029 1275 1121 1321 vita,
1152 1275 1252 1311 mihi
1285 1275 1453 1311 contulit
1485 1274 1561 1310 ista
1593 1274 1719 1311 adhuc

238 1329 531 1366 catechuminus
551 1329 733 1378 tegmina.

132 1382 252 1419 Trina
271 1383 542 1420 defunctorum
561 1387 648 1431 post
669 1383 783 1419 busta
801 1386 1088 1419 restauraverat
1106 1383 1197 1418 vitae
1217 1395 1386 1431 corpora.

129 1437 220 1485 Ipse
239 1450 325 1485 quae
345 1441 499 1486 peracta
518 1442 604 1485 post
620 1436 718 1472 mira
738 1449 919 1485 corporea
939 1436 1056 1485 liquit
1075 1436 1278 1485 ergastula.

130 1490 306 1526 Tonante
326 1491 504 1539 protinus
522 1503 614 1526 nani
645 1490 794 1539 fulgore
814 1490 884 1526 tali
903 1490 1093 1539 praeconio
1112 1491 1330 1526 lamentans
1349 1489 1573 1525 monachica

129 1545 267 1593 Atque
286 1544 461 1593 virginea
480 1548 636 1580 caterva
656 1557 746 1580 voce
766 1548 996 1592 proruperat
1015 1543 1215 1580 lacrimosa
1235 1543 1346 1580 talia:

133 1598 165 1633 O
197 1602 329 1646 pastor
360 1598 459 1634 hanc
491 1602 686 1634 catervam
719 1598 781 1634 cui
819 1597 1031 1634 committis
1062 1610 1165 1634 nunc
1196 1598 1389 1646 exiguam,
1421 1597 1505 1633 caeli
1535 1596 1720 1632 scandens

238 1652 418 1700 patriam.

131 1704 329 1742 Invadent
345 1705 449 1741 enim
468 1705 576 1741 illam
596 1718 775 1754 rapacum
798 1705 978 1753 luporum
997 1705 1216 1741 mordentia
1235 1704 1492 1753 plurimorum
1507 1704 1672 1753 agmina.

131 1758 244 1795 Inter
274 1758 370 1795 talia
399 1759 464 1795 sed
494 1763 650 1795 sanctus
677 1759 793 1795 verba
819 1759 902 1794 caeli
927 1758 1150 1795 conscendit
1174 1759 1254 1795 alta
1279 1757 1426 1807 fulgida
1452 1762 1628 1806 comptus
1646 1757 1721 1794 vic-

238 1812 349 1849 toria.

129 1865 286 1915 Hicque
318 1866 468 1902 modica
500 1869 706 1902 contentus
736 1866 820 1902 vita
849 1865 1021 1902 Abrahae
1052 1865 1281 1915 patriarchae
1312 1865 1499 1902 mansitat
1533 1865 1622 1901 sinu
1652 1877 1721 1914 per

239 1920 387 1956 saecula.

133 1973 186 2009 Et
204 1986 286 2020 nos,
308 1973 493 2020 Martine‚
514 1973 574 2009 fac
592 1986 704 2022 prece
723 1972 891 2022 benigna
909 1973 987 2009 frui
1006 1973 1144 2022 palma.

804 2107 1039 2144 XXXVII.

693 2189 774 2240 (DE
802 2189 957 2227 SANcro
986 2189 1167 2240 Bmmo.)

319 2271 444 2307 Prosa
464 2259 516 2306 aul
534 2270 739 2319 Sequentia
761 2271 956 2315 Quoniam
975 2271 1084 2307 Deus
1104 2271 1241 2308 minor.

320 2335 516 2384 Alleluya.

199 2447 201 2449 Ι
242 2398 405 2445 0551111111,
422 2410 545 2445 MARn,
566 2410 713 2437 TELLUS
734 2404 773 2436 et
793 2413 877 2449 quae
897 2403 989 2436 sunt
1009 2403 1160 2448 cuncta,

240 2452 362 2489 Oaelos
381 2453 447 2501 qui
466 2453 565 2502 regit
583 2466 733 2489 summa
751 2453 927 2502 potentia
946 2454 1116 2490 Domino
1135 2454 1295 2491 laudum
1308 2454 1479 2503 jubilent
1497 2468 1640 2504 organa
1657 2469 1667 2502 ;

240 2505 414 2543 Praesens
434 2510 473 2542 et
491 2507 608 2543 turba
627 2511 756 2543 mente
776 2507 954 2544 benivola
974 2520 1140 2544 consona
1160 2521 1250 2545 voce
1270 2512 1451 2557 personet
1469 2509 1626 2546 cantica.

241 2559 319 2604 Qui
337 2559 419 2596 loca
437 2560 541 2596 orbis
559 2561 688 2609 ampla
706 2565 823 2610 atque
842 2560 958 2609 longa
976 2565 1169 2597 terrarum
1188 2563 1313 2611 spatia

242 2613 433 2650 Doctrina
452 2613 640 2650 catholiea
657 2614 872 2651 illustravit
890 2628 996 2651 sacra
1014 2615 1111 2651 dans
1129 2616 1322 2661 mandata,

237 2667 484 2716 Apostolicos
503 2667 647 2716 eligens
663 2668 837 2704 doctores
855 2668 930 2705 fide
950 2668 1160 2705 fortissima

240 2720 301 2756 Ac
321 2721 526 2757 sanctitate
545 2721 729 2770 praeditos
748 2734 898 2758 necnon
917 2727 957 2758 et
975 2723 1074 2758 mira
1092 2723 1264 2760 scientia.

241 2773 302 2810 De
321 2787 486 2823 quorum
505 2787 590 2811 arce
609 2788 760 2812 summa
779 2779 818 2812 et
836 2775 1038 2825 perspicua

240 2827 367 2864 Adest
385 2827 545 2864 Birinus
563 2832 749 2877 tanquam
768 2841 920 2878 gemma
938 2829 1160 2878 splendida:

240 2880 448 2918 Provincia
467 2882 577 2930 cujus
596 2882 672 2918 ista
690 2895 759 2931 per
778 2883 973 2920 virtutum
992 2883 1132 2920 merita

242 2933 441 2972 Catholica
459 2940 698 2973 sacramenta
716 2940 825 2973 tenet
843 2949 886 2973 30
905 2936 1141 2973 fundamina.
