1979 3348
681 245 924 302 Sequmzstioe
958 247 1230 288 Communes.
1639 247 1721 288 203

628 358 825 403 Quattuor
843 358 1068 395 describunt
1087 356 1155 393 isti

631 412 923 457 Quadriformes
943 415 1051 448 actus
1073 410 1232 456 Christi,

630 466 684 502 Et
705 467 885 515 figurant,
906 470 951 501 ut
970 465 1126 511 audisti,

684 519 857 568 Quisque
876 533 945 555 sua
964 518 1142 556 formula.

628 572 759 609 Natus
779 573 893 609 homo
913 573 1142 618 declaratur,

626 626 791 663 Vitulus
811 627 933 662 sacrifi
941 630 1062 671 catur,

625 679 706 716 Leo
725 684 891 716 mortem
910 679 1168 727 depraedatur,

680 733 734 769 Et
752 733 926 770 ascendit
945 733 1088 781 aquila.

626 787 726 823 Ecce
744 787 868 823 forma
886 786 1071 831 bestialis,

627 840 753 884 Quam
773 840 966 889 scriptura
985 838 1225 889 prophetalis

625 894 765 939 Notat,
788 894 855 930 sed
874 894 1088 930 materialis

679 947 778 984 Haec
797 952 856 984 est
874 948 1082 996 impositio,

626 1001 801 1038 Ourrunt
820 1002 928 1047 rotis,
950 1001 1086 1037 volant
1105 1001 1177 1037 alis
1194 1014 1206 1048 3

623 1054 747 1091 Visus
766 1055 836 1092 lux
856 1060 914 1091 est
934 1054 1164 1101 discretalis,

623 1108 729 1145 Rota
748 1122 881 1146 sensus
900 1109 1075 1155 literalis,

675 1163 754 1199 Ala
775 1163 1063 1212 contemplatiO.

622 1216 832 1253 Paradisus
852 1217 912 1253 his
932 1217 1096 1265 rigatur,

621 1270 750 1315 Viret,
772 1271 897 1316 floret,
919 1270 1165 1315 fecundatur,

622 1324 701 1361 His
720 1325 906 1370 abundat,
928 1324 988 1360 his
1008 1324 1166 1360 laetatur

676 1379 875 1423 Quattuor
894 1378 1132 1414 fluminibus.

622 1433 726 1468 Fons
746 1436 805 1468 est
826 1432 1017 1477 Christus,
1039 1432 1082 1468 hi
1101 1435 1194 1468 sunt
1213 1431 1305 1478 rivi,

620 1486 726 1522 Fons
745 1490 804 1522 est
824 1486 940 1531 altus,
964 1485 1006 1521 hi
1025 1485 1203 1535 proclivi,

622 1540 683 1577 Ut
702 1553 879 1589 saporem
898 1540 1019 1576 sontis
1038 1539 1122 1575 vivi

675 1594 909 1630 Ministrent
928 1593 1121 1630 fidelibus.

620 1647 779 1684 Horum
798 1647 884 1683 rivo
904 1647 1093 1683 debriatis

621 1701 715 1737 Sitis
735 1705 881 1737 crescat
900 1701 1087 1747 caritatis,

619 1755 682 1792 Ut
703 1755 750 1791 de
770 1754 878 1791 fonte
898 1754 1058 1803 pietatis

674 1808 872 1846 Satiemur
891 1809 1055 1857 plenius.

618 1862 776 1899 Horum
795 1862 927 1899 trahat
946 1875 1016 1899 nos
1036 1862 1216 1899 doctrina

618 1917 826 1954 Vitiorum
847 1916 893 1952 de
913 1917 1079 1962 sentina,

621 1971 763 2020 Sicque
783 1970 902 2007 ducat
921 1970 969 2006 ad
989 1970 1125 2006 divina

676 2025 743 2061 Ab
762 2025 841 2061 imo
862 2024 1050 2073 superius,

201 2089 286 2127 Isca
326 2089 543 2138 prcecedens
578 2088 785 2137 Sequentia
824 2094 977 2124 temtum
1014 2087 1161 2124 <licitur
1197 2087 1241 2123 in
1279 2087 1390 2125 Festo
1428 2090 1553 2127 sancti
1589 2090 1715 2134 Lucae,

123 2142 369 2191 evanqelistae·

203 2196 258 2234 In
275 2196 404 2233 natali
422 2196 544 2233 unius
562 2196 760 2244 martyris.
818 2194 1036 2244 Sequentia.

282 2250 485 2300 Organicis
505 2263 688 2287 canamus
707 2249 875 2287 modulis
894 2262 998 2286 nunc
1027 2249 1078 2286 N.
1102 2249 1304 2286 sollemnia
1319 2262 1330 2296 ;

283 2303 514 2354 Omnigenis
534 2304 705 2341 Domino
717 2304 877 2340 vocibus
896 2303 1100 2340 reddentes
1120 2303 1212 2339 odas
1231 2303 1393 2351 debitas,

283 2358 363 2403 Qui
394 2358 437 2394 in
467 2358 546 2394 suis
577 2358 721 2394 sanctis
753 2357 943 2393 mirabilis
972 2357 1100 2403 nimis,
1140 2357 1352 2407 multiplici
1388 2357 1585 2395 virtutum
1624 2359 1717 2395 flore

389 2411 542 2448 eosdem
561 2412 718 2449 decorat
736 2425 779 2448 ac
798 2411 960 2448 mirifice
979 2411 1144 2447 adornat
1159 2424 1168 2457 3

281 2464 388 2502 Nam
407 2469 446 2502 et
474 2465 577 2514 ipsis,
599 2466 710 2515 quasi
729 2465 961 2515 quibusdam
990 2465 1147 2501 musicis
1174 2465 1460 2512 instrumentis,
1481 2465 1604 2516 digito
1632 2479 1716 2515 pro-

389 2519 474 2568 prio
494 2520 589 2556 fides
609 2521 733 2569 agitat
752 2520 847 2556 fides
866 2519 1063 2555 virtutum
1083 2532 1252 2556 sonoras.

281 2572 369 2610 Has
388 2586 590 2610 numerose
609 2586 836 2622 percurrens
860 2573 1043 2622 singulas,
1065 2573 1270 2622 permiscet
1289 2573 1453 2623 singulis
1477 2573 1716 2611 diatessaron

387 2626 615 2663 mellifluam
643 2627 860 2672 melodiam,

281 2679 409 2725 Quam
428 2684 587 2729 generat
606 2681 801 2717 virtutum
821 2684 946 2717 mater
964 2680 1044 2726 illa,
1067 2694 1164 2729 quae,
1187 2680 1274 2717 aliis
1288 2681 1470 2718 decenter
1488 2682 1713 2731 composita,

388 2734 516 2770 reddit
544 2747 703 2771 suavem
723 2734 994 2784 symphoniam
1011 2747 1021 2780 3

282 2786 369 2832 Qua
388 2788 472 2825 sine
491 2793 630 2824 cuncta
649 2789 751 2824 fiunt
769 2789 936 2834 dissona,
956 2800 1108 2824 necnon
1127 2791 1167 2824 et
1186 2788 1326 2825 frivola
1340 2802 1350 2835 3

282 2840 459 2885 Quacum
478 2840 609 2878 omnia
627 2842 729 2878 fiunt
757 2855 935 2888 consona,
956 2854 1106 2878 necnon
1126 2842 1241 2878 utilia
1257 2855 1268 2889 3

283 2893 371 2939 Qua
392 2896 504 2943 justi,
526 2896 623 2932 bene
642 2896 794 2942 morati,
815 2896 892 2932 rite
910 2899 1087 2944 petentes
1106 2896 1256 2933 excelsa
1275 2896 1355 2945 poli
1374 2896 1509 2942 sidera,

281 2947 443 2985 Alacres
458 2949 669 2986 decantant
688 2962 789 2986 nova
808 2950 960 2986 cantica
979 2949 1021 2985 in
1041 2949 1191 2986 cithara
1211 2949 1390 2987 Threicia
1408 2964 1415 2987 :

284 3001 460 3046 Quorum
478 3007 635 3052 agentes
653 3004 762 3049 festa,
785 3003 978 3040 consortia
998 3016 1218 3041 mereamur
1235 3004 1278 3040 in
1292 3003 1440 3041 *caelesti
1458 3003 1597 3053 patria.
