1979 3348
391 205 443 245 M
443 204 551 246 Γι’ςεοιῑ
575 203 717 259 Offices
741 204 864 259 from
885 202 950 244 the
970 202 1152 256 Banyor
1172 199 1424 256 Powztz'fical.
1619 201 1701 242 339

196 315 357 354 Secreta.

197 370 317 415 Deus,
338 368 406 418 qui
434 373 473 405 te
496 368 670 418 praecipis
689 381 712 405 a
730 367 994 417 peccatoribus
1013 366 1177 412 exorari,
1198 364 1349 414 tibique
1367 363 1598 401 sacrificium
1618 376 1703 401 con-

115 423 204 461 triti
223 423 347 460 cordis
375 422 504 459 offerri
518 436 528 469 3
557 423 629 459 hoc
651 421 881 458 sacrificium
910 420 1013 470 quod
1040 419 1212 469 indignis
1240 418 1420 455 manibus
1446 417 1543 454 meis
1575 417 1703 463 offero,

110 480 314 526 acceptare
347 476 507 526 dignare
521 490 531 523 5
572 480 612 512 et
644 479 689 512 ut
717 475 796 524 ipse
823 474 898 510 tibi
935 473 1063 510 hostia
1095 477 1134 510 et
1166 472 1396 509 sacrificium
1428 484 1509 508 esse
1542 483 1700 519 merear,

116 530 322 567 miseratus
344 530 507 567 concede
521 543 531 576 3
559 529 662 578 quod
691 541 758 577 per
786 527 962 577 mysterii
994 527 1110 576 hujus
1143 526 1425 563 exhibitionem
1458 529 1701 575 peecatorum

119 584 295 621 omnium
314 584 524 633 percipiam
544 582 816 619 remissionem.
876 581 960 618 Per.

198 637 519 674 Posteommzmio.

198 691 329 728 Aures
361 695 439 727 tuae
458 690 626 740 pietatis,
648 689 852 725 mitissime
883 689 1001 734 Deus,
1032 687 1177 724 inclina
1195 687 1373 736 precibus
1405 685 1530 732 meis;
1563 689 1603 722 et
1635 697 1704 734 per

116 744 234 794 hujus
262 745 387 782 divini
414 744 645 781 sacramenti
672 743 798 779 carnis
817 746 856 779 et
875 741 1073 791 sanguinis
1092 741 1185 777 Filii
1203 741 1264 777 tui
1283 739 1445 777 Domini
1462 739 1589 776 nostri
1607 738 1635 775 J
1638 751 1704 775 esu

118 797 265 835 Christi
284 798 386 848 quod
404 798 586 847 indignus
606 796 753 845 sumpsi
771 796 1013 845 mysterium,
1029 795 1155 844 gratia
1174 794 1308 831 Sancti
1327 793 1497 844 Spiritus
1524 792 1705 829 illumina

117 863 183 888 cor
212 865 362 898 meum,
390 855 436 888 ut
468 852 547 888 tuis
579 850 774 899 mysteriis
807 849 922 899 digne
950 849 1185 895 ministrare,
1219 851 1336 896 teque
1368 851 1514 884 aeterna
1541 846 1704 884 caritate

115 905 278 954 diligere
311 909 350 942 et
383 905 617 954 sempiterna
647 904 789 953 gaudia
818 903 1013 953 percipere
1045 915 1204 939 merear.
1263 901 1339 939 Per
1368 901 1595 938 Dominum.
1653 899 1704 936 In

117 958 281 996 unitate.

671 1049 758 1086 PRo
788 1049 888 1085 ITER
915 1049 1167 1086 AGEN'HBUS.

199 1145 343 1184 Oratio.
401 1147 561 1191 Adesto,
584 1146 762 1193 Domine,
784 1152 818 1183 et
837 1152 956 1184 cetera
974 1146 1041 1195 (ut
1065 1159 1197 1195 supra,
1218 1146 1292 1182 vol.
1314 1145 1352 1183 ii.
1376 1159 1410 1195 p.
1433 1145 1541 1196 179).

197 1199 355 1238 Secreta.
414 1200 642 1250 Propitiare,
665 1200 846 1247 Domine,
866 1206 900 1238 et
918 1205 1036 1238 cetera
1055 1200 1253 1251 (ibidem).

196 1254 519 1291 postcommunio.

198 1307 308 1344 Deus
335 1308 500 1344 infinitae
528 1308 800 1344 misericordiae
819 1312 858 1344 et
876 1307 1092 1357 majestatis
1111 1308 1320 1354 immensae,
1350 1319 1465 1356 quem
1493 1319 1564 1344 nec
1582 1306 1708 1356 spatia

118 1360 290 1398 locorum
315 1374 385 1398 nec
414 1361 622 1398 intervalla
645 1365 865 1410 temporum
888 1361 937 1398 ab
960 1362 1022 1398 his
1046 1375 1141 1411 quos
1166 1361 1288 1398 tueris
1321 1361 1553 1411 abjungunt,
1574 1361 1707 1397 adesto

118 1414 273 1451 famulis
291 1415 371 1451 tuis
403 1415 445 1451 in
463 1419 503 1451 te
532 1415 677 1464 ubique
705 1415 992 1462 confitentibus,
1022 1419 1062 1452 et
1081 1429 1150 1464 per
1177 1428 1332 1452 omnem
1352 1428 1469 1464 quam
1496 1415 1594 1451 ituri
1613 1419 1706 1451 sunt

117 1469 223 1505 viam
251 1468 333 1504 dux
364 1469 418 1505 eis
438 1473 477 1505 et
506 1482 630 1505 comes
649 1469 779 1506 adesse
803 1469 972 1518 dignare.
1031 1469 1144 1505 Nihil
1172 1469 1250 1505 illis
1270 1469 1516 1506 adversitatis
1544 1472 1681 1506 noceat
1695 1481 1706 1515 3

117 1522 218 1558 nihil
245 1522 484 1559 difficultatis
513 1523 676 1559 obsistat
692 1536 703 1570 3
736 1527 876 1559 cuneta
895 1523 949 1559 eis
968 1522 1149 1569 salubria,
1172 1528 1312 1560 cuncta
1331 1523 1412 1560 sint
1439 1535 1621 1572 prospera
1635 1535 1645 1569 3
1666 1526 1706 1559 et

118 1576 190 1612 sub
222 1588 292 1625 ope
322 1576 490 1614 dexterae
522 1581 597 1612 tute
618 1577 803 1626 quicquid
831 1577 1016 1626 petierint
1044 1577 1243 1625 desiderio,
1276 1577 1390 1615 celeri
1418 1580 1705 1626 consequantur

119 1629 269 1667 effectu.
328 1629 413 1667 Per.
471 1632 612 1673 Amen,
633 1644 754 1668 amen.
