1979 3348
279 249 359 288 130
856 244 981 287 Festa
1012 242 1280 285 Novembris.

356 355 699 394 Posti-onzmwzioffi

355 410 535 460 Corporis
572 409 670 446 sacri
707 412 746 445 et
782 407 943 457 pretiosi
981 406 1179 455 sanguinis
1221 406 1360 455 repleti
1396 406 1591 453 libamine,
1631 419 1863 455 quaesumus,

276 465 444 501 Domine
465 464 571 501 Deus
590 467 732 507 noster,
754 465 800 497 ut
819 461 921 510 quod
946 461 1012 509 pia.
1035 461 1238 497 devotione
1266 460 1445 509 gerimus,
1467 464 1572 497 certa
1600 460 1864 509 redemptione

276 519 481 568 capiamus.
540 517 617 553 Per
637 515 861 552 Dominum.

353 579 446 616 Alia.
465 577 783 616 Postcommunio.

355 633 553 683 Supplices
584 636 623 668 te
653 644 843 680 rogamus,
873 630 1118 679 omnipotens
1148 629 1267 675 Deus
1293 632 1339 665 ut
1363 629 1693 666 intercedentibus
1723 628 1865 666 sanctis

274 688 363 732 tuis,
384 694 423 724 et
442 692 511 723 tua
529 686 571 722 in
590 685 702 722 nobis
722 685 822 721 dona
841 684 1076 734 multiplices
1096 687 1134 720 et
1153 687 1328 733 tempora
1347 686 1480 720 nostra
1499 683 1689 732 disponas.
1749 683 1834 721 Per.

522 841 669 878 SANCT1
699 840 972 884 CHRYsoeom,
1005 850 1221 877 MARTYRIS.
1282 840 1376 886 (viii.
1399 840 1490 877 Kal.
1514 838 1625 889 Dec.)

357 928 541 977 Officium.
600 927 828 964 Laetabitur.

357 982 500 1019 Oratio.

353 1036 505 1072 Adesto
525 1034 872 1084 supplicationibus
891 1033 1046 1080 nostris,
1067 1037 1112 1070 ut
1132 1034 1200 1083 qui
1219 1047 1268 1071 ex
1292 1034 1501 1083 iniquitate
1525 1038 1658 1071 nostra
1685 1047 1769 1072 reos
1795 1049 1866 1072 nos

273 1103 352 1127 esse
371 1090 648 1139 cognoscimus,
668 1088 775 1125 beati
795 1087 1037 1137 Chrysogoni
1056 1088 1240 1137 martyris
1261 1089 1320 1125 tui
1341 1089 1614 1126 intercessione
1642 1088 1862 1127 liberemur.

276 1144 360 1181 Per.

352 1197 536 1246 Epistola.
595 1196 739 1232 Beatus
759 1196 830 1240 vir,
853 1194 921 1244 qui
939 1194 1125 1231 inventus
1145 1200 1212 1232 est.

355 1250 532 1288 Gradale.
591 1250 619 1286 J
622 1253 732 1285 ustus
751 1262 831 1285 non
849 1248 1156 1285 conturbabitur.

353 1304 549 1352 Alleluya.
615 1303 654 1340 V.
684 1302 712 1339 J
715 1306 825 1338 ustus
843 1306 889 1338 ut
908 1302 1046 1351 palma.

352 1357 619 1405 Evanyelzmn.
678 1356 768 1393 Nisi
787 1369 952 1405 granum
971 1356 1168 1392 frumenti.

356 1412 610 1460 Offercorium.
670 1410 804 1447 Gloria
823 1414 863 1446 et
881 1410 1035 1447 honore.

354 1465 543 1507 Secretffii-

353 1520 518 1566 oblatis,
558 1531 790 1568 quaesumus,
831 1518 1013 1564 Domine,
1051 1518 1202 1567 placare
1245 1518 1481 1564 muneribus,
1520 1521 1560 1554 et
1601 1518 1866 1555 intercedente

274 1575 387 1611 beato
418 1573 668 1622 Chrysogono
700 1576 871 1621 martyre
901 1576 981 1618 tuo,
1014 1585 1037 1608 a
1069 1572 1218 1608 cunctis
1250 1585 1319 1608 nos
1352 1572 1512 1609 defende
1541 1572 1732 1621 periculis.
1790 1572 1867 1609 Per

275 1628 491 1665 Dominum
510 1631 698 1663 nostrum.

356 1681 595 1719 Omnmunio.
655 1679 836 1716 Posuisti.

354 1734 675 1772 Postcommunio.

355 1789 441 1836 Tui,
465 1789 643 1834 Domine,
662 1787 907 1837 perceptione
927 1787 1158 1823 sacramenti
1183 1791 1222 1823 et
1241 1800 1264 1823 a
1283 1787 1425 1823 nostris
1444 1787 1677 1824 mundemur
1705 1787 1865 1824 occultis

274 1847 312 1880 et
331 1844 379 1880 ab
398 1843 569 1880 hostium
587 1842 798 1878 liberemur
820 1841 980 1877 insidiis.
1039 1841 1115 1877 Per
1134 1841 1360 1879 Dominum.

524 1994 692 2030 SANCTAE
721 1993 998 2038 KATHARINAE,
1028 2003 1217 2029 VIRGINIS.
1278 1992 1359 2043 (vii.
1385 1992 1476 2028 Kal.
1500 1993 1611 2042 Dec.)

356 2081 541 2129 Officium.
600 2080 806 2129 Loquebar
825 2080 872 2116 de
891 2083 940 2116 te.

355 2134 500 2172 Oratio.

353 2189 472 2235 Deus,
509 2188 578 2237 qui
610 2187 751 2224 dedisti
780 2187 903 2236 legem
937 2187 1069 2236 Moysi
1098 2186 1140 2222 in
1173 2186 1396 2223 summitate
1429 2186 1572 2223 montis
1601 2186 1721 2233 Sinai,
1750 2191 1790 2223 et
1822 2187 1863 2223 in

273 2243 407 2279 codem
425 2243 508 2279 loco
527 2255 595 2291 per
614 2242 769 2290 angelos
787 2245 875 2277 tuos
890 2254 1028 2290 corpus
1043 2241 1164 2277 beatae
1181 2240 1426 2285 Katharinae,
1442 2240 1605 2289 virginis
1620 2244 1659 2277 et
1677 2241 1862 2290 martyris

273 2303 362 2342 tuae,
382 2296 614 2333 mirabiliter
642 2295 837 2332 collocasti
852 2308 862 2341 3
893 2295 1034 2340 tribue,
1056 2307 1286 2343 quaesumus,
1312 2298 1358 2330 ut
1386 2295 1468 2343 ejus
1498 2294 1647 2331 meritis
1680 2298 1719 2331 et
1746 2295 1863 2332 inter—

273 2351 439 2387 cessione
459 2351 508 2386 ad
528 2353 710 2395 montem,
731 2349 799 2398 qui
819 2348 997 2385 Christus
1016 2352 1085 2394 est,
1106 2348 1304 2385 valeamus
1323 2348 1532 2397 pervenire.
1585 2348 1663 2392 Qui
1681 2352 1818 2385 tecum.

353 2404 538 2453 Epistola.
598 2403 676 2448 Qui
696 2403 894 2452 gloriatur.

354 2458 530 2495 (io-adalo.
590 2456 722 2505 Specie
741 2461 820 2493 tua.

352 2511 547 2560 Alleluya.
613 2510 651 2548 V.
682 2510 875 2547 AEmulor.

351 2573 565 2621 Sequentia.
625 2570 907 2623 [Exsultemus,
928 2571 985 2608 vel
1001 2570 1228 2608 istem—MS.
1253 2569 1315 2622 C.]

700 2634 806 2670 Odas.
821 2634 863 2670 in
882 2633 954 2669 hac
971 2633 1034 2670 die
1053 2633 1161 2670 laetas

699 2687 854 2724 Christo
874 2694 987 2723 canat
1007 2687 1132 2723 omnis
1151 2690 1243 2723 aetas

753 2741 886 2787 Corde,
908 2753 1013 2787 voce,
1035 2741 1199 2778 fidibus:

352 2839 456 2868 '‘MS.
479 2837 732 2867 D.—-Purificent
759 2847 826 2873 nos,
855 2836 1000 2873 Domine,
1022 2846 1217 2874 quaesumus,
1243 2839 1273 2866 ct
1300 2836 1402 2865 divini
1427 2836 1587 2873 perceptio
1614 2837 1800 2866 sacramenti
1827 2839 1857 2866 et

272 2879 407 2915 gloriosa
420 2878 542 2916 deprec
543 2877 597 2905 itio
611 2877 693 2905 beati
710 2876 882 2905 Clementis
894 2877 1044 2914 mai-tylis
1059 2877 1106 2905 tui
1120 2879 1215 2913 atque
1229 2876 1395 2914 pontificis.
1438 2876 1500 2904 Per
1514 2876 1696 2905 Dominum.

349 2918 454 2957 †MS.
478 2917 693 2946 D.-—Munera
722 2919 838 2952 nostia,
867 2925 1060 2953 quaesumus,
1088 2915 1234 2951 Domine,
1257 2924 1367 2944 sereno
1393 2915 1511 2944 intuitu
1541 2916 1678 2954 suscipe,
1703 2918 1739 2944 ut
1757 2916 1855 2944 inter-

268 2958 395 2986 cedente
409 2958 500 2986 beato
515 2957 725 2995 Chrysogono
742 2958 879 2993 maltyre
901 2958 965 2991 tuo⁷
981 2955 1148 2985 eiiminum
1169 2957 1349 2985 nostiorum
1368 2954 1513 2992 contagia
1533 2958 1647 2985 cuncta
1666 2958 1852 2993 expurgent.

274 2998 332 3026 Per
347 2997 526 3026 Dominum.
