1979 3348
809 193 935 235 Festa
964 192 1002 236 J
997 192 1088 235 ulti
1093 226 1100 234 .
1691 198 1744 239 65

232 351 400 389 SANcmAE
428 351 712 400 MARGARETAE‚
741 364 925 391 VIRGINIS
954 364 1004 390 ΕΤ
1031 363 1244 391 MARTYRIS.
1304 353 1403 405 (xiii.
1436 354 1527 391 Kal.
1558 354 1680 406 Aug.)

241 457 425 505 Officium.
483 457 698 508 Loquebar.

239 510 382 549 Oratio.

236 563 355 611 Deus,
377 564 446 614 qui
463 565 617 602 beatam
637 565 901 615 Margaretam
920 565 1114 615 virginem
1132 569 1242 602 tuam
1261 565 1451 603 hodierna
1475 566 1536 603 die
1561 566 1610 604 ad
1634 568 1745 605 caelos

155 629 224 666 per
241 618 421 667 martyrii
439 618 606 667 palmam
629 619 762 656 venire
786 619 912 656 fecisti
926 632 937 666 3
976 619 1140 656 concede
1170 619 1296 666 nobis,
1327 632 1558 669 quaesumus,
1584 624 1631 658 ut
1660 623 1743 671 ejus

156 671 333 720 exempla
352 676 567 721 sequentes,
589 673 637 709 ad
657 676 696 709 te
715 673 919 721 pervenire
938 685 1164 710 mereamur.
1223 673 1300 710 Per
1319 673 1543 712 Dominum.

234 724 423 774 Epistola.
483 726 561 770 Qui
588 726 789 775 gloriatur.

237 778 413 816 Gradale.
471 779 606 828 Specie
633 783 711 817 tua.

232 832 429 882 Alleluya.
495 833 532 869 V.
563 832 747 869 AEmulor
774 832 889 869 enim.

232 884 450 934 Sequentia.
508 885 774 931 Exsultemus,
805 893 849 922 ut
876 886 921 923 in
950 885 1168 924 Communi.

230 938 498 988 Evanqelz'um.
557 939 692 977 Simile
721 944 779 977 est
807 953 970 989 regnum
999 940 1180 977 caelorum
1208 940 1400 978 thesauro.

234 992 487 1040 Offertorium.
547 993 658 1030 Filiae
686 1007 832 1043 regum.

231 1046 390 1084 Secreta.

231 1099 331 1137 Haec
359 1100 558 1146 muneras*
583 1100 764 1147 Domine,
796 1114 1027 1150 quaesumus,
1058 1114 1128 1150 pro
1159 1102 1282 1138 beatae
1312 1101 1476 1151 virginis
1508 1102 1740 1152 Margaretae

150 1155 334 1203 martyris
358 1154 499 1199 oblata,
524 1158 564 1191 et
588 1155 780 1191 mentium
809 1155 921 1192 nobis
952 1156 1201 1192 sanctitatem
1232 1159 1272 1192 et
1302 1168 1506 1205 corporum
1537 1157 1739 1194 obtineant

149 1208 406 1245 sanctitatem.
464 1208 541 1245 Per
568 1208 794 1246 Dominum.

231 1260 468 1298 Communia
528 1262 682 1298 Diffusa
709 1266 776 1299 est.

229 1315 550 1352 Postcommmzio.

230 1368 375 1418 Hujus,
397 1369 578 1414 Domine,
599 1369 830 1406 sacramenti
848 1369 1093 1419 perceptione
1113 1373 1153 1406 et
1173 1371 1295 1407 beatae
1316 1370 1550 1419 Margaretae
1574 1371 1738 1421 virginis

148 1425 226 1458 tuae
255 1422 530 1460 intercessione
561 1427 604 1458 tu
634 1423 677 1459 in
709 1423 821 1459 nobis
854 1436 1010 1460 manere
1047 1423 1219 1474 dignare,
1255 1428 1294 1461 et
1326 1437 1396 1462 nos
1423 1425 1465 1460 in
1495 1428 1535 1462 te
1565 1425 1736 1462 vicissim

148 1488 302 1513 manere
322 1477 493 1514 concede.
552 1476 638 1513 Per.

244 1661 411 1699 SANCTAE
439 1660 662 1708 PRAXEDIS,
693 1671 873 1698 VIRGINIS
901 1671 985 1698 NON
1013 1671 1226 1698 MARTYRIS.
1287 1661 1371 1712 (xii.
1404 1662 1494 1699 Kal.
1526 1663 1648 1712 Aug.)

226 1769 409 1818 Officium.
467 1769 658 1806 Dilexisti
680 1769 890 1819 justitiam.

227 1824 370 1862 Oratio.

222 1878 296 1924 Da,
329 1890 561 1927 quaesumus,
593 1877 839 1926 omnipotens
872 1877 992 1924 Deus,
1024 1881 1070 1914 ut
1102 1878 1171 1927 qui
1198 1879 1321 1915 beatae
1349 1879 1541 1917 Praxedis
1569 1881 1733 1931 virginis

140 1937 217 1969 tuae
237 1932 418 1968 natalitia
437 1931 609 1978 colimus,
631 1931 732 1967 sicut
750 1944 881 1967 annua
900 1931 1162 1969 sollemnitate
1185 1932 1374 1981 laetamur,
1398 1933 1452 1971 sic
1477 1938 1598 1971 tantae
1626 1936 1733 1974 illius

141 1986 231 2024 fidei
249 1985 495 2035 proficiamus
514 1985 700 2034 exemplo.
760 1984 847 2022 Per.

221 2039 407 2088 Epistola.
466 2039 667 2088 Sapientia
694 2038 818 2075 vincit
845 2038 1047 2076 malitiam.

224 2093 400 2131 Graclale.
459 2093 646 2129 Dilexisti
668 2092 878 2141 justitiam.

220 2147 418 2196 Alleluya.
484 2147 522 2184 V.
555 2146 688 2195 Specie
716 2150 794 2182 tua.
808 2148 826 2174 '³

218 2201 482 2249 Evanyelium.
541 2200 676 2236 Simile
695 2204 754 2236 est
772 2213 934 2249 regnum
955 2199 1136 2236 caelorum
1154 2200 1286 2238 decem
1305 2201 1533 2252 vii'ginibus.

221 2255 475 2303 Offertort‘um.
535 2254 770 2299 Offerentur,
800 2253 940 2290 minus.

219 2309 378 2346 Secreta.

220 2363 391 2412 Suscipe,
417 2374 650 2411 quaesumus,
678 2360 859 2407 Domine,
893 2361 942 2397 ob
961 2361 1147 2397 honorem
1173 2365 1316 2399 sanctae
1345 2362 1535 2400 Praxedis
1562 2365 1726 2414 virginis

137 2421 214 2453 tuae
246 2429 389 2453 munus
427 2416 614 2461 oblatum,
650 2418 688 2451 et
725 2415 829 2463 quod
865 2414 1009 2451 nostris
1045 2415 1196 2464 assequi
1233 2416 1384 2453 meritis
1420 2430 1500 2455 non
1536 2418 1722 2465 valemus,

137 2471 310 2520 ejusdem
328 2469 631 2519 suffragantibus
649 2469 799 2505 meritis
818 2468 956 2517 largire
975 2468 1177 2518 propitius.
1236 2469 1322 2506 Per.

218 2524 458 2562 C‘ommunio.
517 2522 652 2560 Simile
679 2526 737 2559 est
765 2535 936 2572 regnum.

216 2577 563 2619 Postcommunio.†

217 2632 388 2678 Satiasti,
410 2631 591 2677 Domine,
610 2630 800 2666 familiam
820 2632 930 2666 tuam
951 2629 1178 2667 muneribus
1201 2631 1341 2678 sacris,
1370 2632 1464 2681 ejus,
1487 2645 1719 2682 quaesumus,

137 2698 285 2735 semper
324 2685 612 2722 interventione
649 2697 720 2721 nos
755 2683 896 2730 refove,
931 2684 1042 2733 cujus
1078 2684 1279 2722 sollemnia
1315 2685 1561 2724 celebramus.
1647 2687 1722 2724 Per

139 2739 362 2777 Dominum.

214 2840 230 2855 ³*
252 2837 713 2868 MSS.—Victima—obtineat.

213 2890 230 2928 †
251 2889 320 2917 MS.
337 2889 534 2918 D.—Sancta
548 2892 602 2918 tua
616 2897 684 2924 nos,
700 2887 844 2923 Domine,
861 2895 1050 2924 quaesumus,
1067 2889 1184 2917 sanctae
1197 2888 1350 2918 Praxedis
1369 2889 1504 2927 virginis
1517 2893 1580 2920 tuae
1602 2892 1720 2922 mefitis

140 2928 387 2965 suffragantibus
400 2931 430 2958 et
445 2938 463 2958 a
479 2928 617 2967 peccatis
631 2927 778 2958 omnibus
793 2929 920 2963 exuant,
936 2929 967 2956 et
981 2927 1020 2956 ad
1035 2927 1172 2957 caelestia
1185 2937 1283 2966 regna
1296 2929 1477 2968 perducant.
1520 2930 1588 2960 Per.

213 2988 300 3015 VOL.
322 2988 366 3014 ΙΙ.
887 2986 913 3013 F
