1979 3348
631 232 861 275 Orationes
894 232 1166 274 Communes.
1615 236 1696 279 177

569 371 735 408 CONTRA
765 371 1061 408 COGITATIONES
1092 380 1232 406 MALAS.

190 424 332 462 Oratio.

188 478 447 527 Omnipotens
461 478 667 515 mitissime
687 478 805 524 Deus,
823 477 970 527 respice
984 477 1177 526 propitius
1192 490 1323 526 preces
1338 481 1502 525 nostras,
1521 482 1561 514 et
1576 477 1698 515 libera

108 531 223 568 corda
251 535 384 568 nostra
410 532 456 568 de
482 532 674 568 malarum
700 532 920 568 tentatione
944 531 1224 580 cogitationum
1239 544 1250 577 ,-
1283 535 1329 568 ut
1363 531 1498 568 Sancti
1529 531 1699 580 Spiritus

107 585 269 635 dignum
291 585 376 621 fieri
396 585 664 622 habitaculum
685 598 911 621 mereamur.
971 585 1047 621 Per
1067 585 1294 622 Dominum.
1354 584 1406 621 In
1424 586 1588 622 unitate.

186 638 345 676 Secreta.

188 692 274 729 Has
293 693 379 738 tibi,
398 693 567 729 Domine
587 692 706 738 Deus,
724 692 922 728 offerimus
942 691 1168 737 oblationes,
1186 705 1255 740 pro
1275 693 1401 729 salute
1426 696 1559 729 nostra
1569 706 1578 738 3
1598 705 1701 741 prec-

108 750 232 791 antes,
262 751 308 782 ut
340 747 489 783 animas
521 749 674 782 nostras
712 745 883 793 Spiritus
921 745 1055 781 Sancti
1091 745 1220 793 gratia
1256 745 1480 782 illuminare
1518 747 1700 795 digneris,

109 800 294 849 quatinus
313 813 335 836 a
356 799 658 849 cogitationibus
678 799 792 835 malis
820 802 890 835 tua
917 799 1064 848 pietate
1086 798 1307 836 liberemur.
1367 800 1444 836 Per
1472 800 1699 837 Dominum.

112 854 162 890 In
181 854 345 890 unitate.

190 907 509 944 Postcommum‘o.

191 960 268 997 Per
286 961 369 1006 hoc,
391 973 624 1009 quaesumus,
647 959 830 1004 Domine,
850 959 1082 996 sacrificium
1103 960 1206 1008 quod
1228 964 1305 996 tuae
1329 961 1543 998 obtulimus
1572 961 1706 1010 majes-

112 1013 198 1060 tati,
226 1014 274 1050 ab
300 1014 481 1050 omnibus
510 1014 625 1050 corda
653 1018 786 1050 nostra
815 1013 984 1049 emunda
1012 1014 1310 1060 tentationibus,
1342 1021 1388 1051 ut
1415 1015 1542 1064 gratia
1572 1015 1706 1051 Sancti

113 1068 283 1117 Spiritus
302 1068 411 1117 digni
431 1068 652 1104 efficiamur.
713 1067 791 1103 Per
811 1067 1037 1103 Dominum.
1097 1068 1147 1103 In
1167 1068 1332 1104 unitate.

604 1207 691 1244 PRO
721 1218 919 1243 LACRYMIs
950 1207 1211 1244 DEvo'rioms.

197 1262 340 1298 Oratio.

196 1315 454 1364 Omnipotens
491 1314 695 1350 mitissime
733 1314 853 1360 Deus,
886 1315 953 1363 qui
991 1315 1142 1351 sitienti
1178 1315 1322 1364 populo
1359 1315 1508 1352 fontem
1539 1316 1710 1352 viventis

114 1381 224 1418 aquae
244 1369 291 1405 de
310 1373 422 1418 petra
440 1368 663 1417 produxisti
676 1381 686 1414 ;
715 1369 812 1404 educ
841 1368 888 1404 de
916 1368 1043 1404 cordis
1071 1370 1197 1406 nostri
1226 1369 1373 1405 duritia
1400 1370 1710 1419 compunctionis

115 1423 318 1471 lacrymas,
358 1429 403 1458 ut
441 1427 599 1471 peccata.
636 1426 770 1458 nostra
812 1422 994 1471 plangere
1032 1423 1242 1470 valeamus,
1283 1423 1638 1472 remissionemque,
1675 1428 1714 1460 te

115 1477 336 1522 miserante,
358 1489 576 1512 mereamur
594 1475 776 1524 accipere.
836 1475 914 1512 Per
936 1475 1164 1513 Dominum.

197 1530 357 1567 Secreta.

198 1584 315 1620 Hanc
335 1583 572 1620 oblationem
592 1596 709 1632 quam
732 1587 810 1619 tuae
839 1583 1049 1632 majestati,
1072 1583 1252 1631 Domine,
1274 1596 1344 1632 pro
1372 1585 1540 1633 pcccatis
1570 1585 1713 1621 nostris

117 1638 325 1683 offerimus,
352 1637 546 1686 propitius
574 1637 744 1686 respice3
779 1641 818 1673 et
846 1636 993 1685 produc
1022 1637 1069 1673 de
1095 1637 1216 1674 oculis
1246 1638 1390 1674 nostris
1415 1639 1570 1687 copiosa
1595 1638 1715 1687 lacry-

119 1704 272 1727 marum
305 1691 480 1737 flumina,
511 1691 652 1739 quibus
685 1690 816 1727 debita
847 1690 1093 1727 flammarum
1127 1691 1307 1728 incendia
1339 1692 1489 1741 possint
1524 1692 1713 1741 extingui.

120 1745 196 1781 Per
215 1745 442 1781 Dominum.

199 1798 518 1835 Postcomnmmio.

202 1852 372 1901 Corpore
392 1856 431 1888 et
451 1851 639 1901 sanguine
664 1855 746 1896 tuo,
768 1850 950 1897 Domine,
973 1852 1118 1898 satiati,
1140 1865 1370 1900 quaesumus,
1394 1857 1440 1889 ut
1459 1866 1528 1902 pro
1549 1853 1715 1902 peccatis

120 1906 264 1942 nostris
293 1907 630 1954 compunctionem
659 1905 784 1941 cordis
804 1910 843 1942 et
864 1905 1025 1950 luctum,
1048 1904 1287 1955 fluminaque
1315 1907 1576 1956 lacrymarum
1603 1907 1717 1943 nobis

121 1973 271 2009 semper
294 1960 471 2008 largiaris
486 1973 497 2006 3
529 1959 715 2008 quatinus
749 1959 938 1995 caelestem
973 1959 1015 1995 in
1048 1959 1182 1995 futuro
1208 1961 1512 1998 consolationem
1538 1961 1716 1997 invenire

121 2027 348 2051 mereamur.
408 2013 485 2050 Per
506 2013 732 2049 Dominum.

756 2126 841 2163 PRO
870 2126 1078 2163 Pssceffls.

207 2180 349 2218 Oratio

205 2234 372 2280 Exaudi,
395 2247 628 2283 quaesumus,
650 2233 830 2280 Domine,
862 2234 1081 2282 supplicum
1110 2247 1251 2283 preces,
1273 2238 1313 2271 et
1341 2236 1613 2272 confitentium
1640 2236 1715 2272 tibi

126 2301 238 2338 parce
257 2289 424 2337 peccatis
438 2301 448 2334 3
468 2292 513 2324 ut
528 2288 675 2337 pariter
694 2287 805 2324 nobis
824 2287 1112 2336 indulgentiam
1133 2288 1283 2325 tribuas
1302 2289 1492 2339 benignus
1513 2294 1552 2326 et
1570 2302 1713 2338 pacem.

127 2342 204 2379 Per
222 2342 448 2378 Dominum.

205 2395 363 2433 Secreta.

208 2450 371 2486 Hostius
403 2448 490 2495 tibi,
527 2449 706 2493 Domine,
736 2448 965 2497 placationis
998 2449 1193 2486 offerimus
1208 2463 1219 2496 3
1258 2454 1304 2486 ut
1336 2454 1376 2486 et
1410 2450 1552 2487 delicta
1584 2455 1717 2488 nostra

127 2504 334 2540 miseratus
353 2503 542 2549 absolvas,
563 2507 603 2539 et
621 2503 807 2538 nutantia
827 2503 942 2538 corda
961 2507 1006 2539 tu
1026 2503 1181 2553 dirigas.
1240 2503 1316 2540 Per
1336 2504 1562 2541 Dominum.

209 2557 529 2594 Postcommum'o.

210 2611 360 2647 Praesta
387 2611 510 2657 nobis,
537 2615 679 2647 aeterne
705 2610 894 2656 Salvator,
923 2615 968 2647 ut
993 2610 1251 2660 percipientes
1276 2611 1348 2649 hoc
1374 2625 1534 2649 munere
1563 2612 1717 2649 veniam

131 2668 387 2715 peccatorum,
409 2664 588 2714 deinceps
608 2668 764 2714 peccata
782 2664 963 2701 vitemus.
1023 2664 1100 2701 Per
1119 2665 1343 2703 Dominum.

732 2801 917 2854 [CONTRA
946 2803 1117 2841 Hos'rns.

218 2856 360 2895 Oratio.

216 2910 404 2947 Hostium
423 2915 656 2957 nostrorum,
675 2924 907 2959 quaeSumuS‚
930 2911 1111 2959 Domine,
1128 2912 1227 2950 elide
1247 2913 1479 2964 superbiam,
1497 2918 1535 2951 et
1555 2915 1724 2952 dexterve

137 2967 216 3000 tuae
235 2964 385 3001 virtute
403 2969 614 3014 prosterne.
674 2965 752 3001 Per
771 2964 997 3003 Dominum.

218 3027 308 3055 von.
328 3028 376 3055 11.
919 3029 947 3055 Ν
