1979 3348
245 221 326 260 228
533 220 764 263 Orationes
793 220 989 263 dicendis
1020 227 1122 264 ante
1153 226 1191 263 et
1214 228 1313 277 post
1342 222 1540 264 Missam.

241 334 349 368 veste
368 343 563 381 purpurea
581 332 919 369 circumdederunt
941 345 1041 379 eum,
1063 336 1103 369 et
1122 333 1332 369 veniebant
1359 334 1408 369 ad
1436 347 1538 380 eum,
1559 337 1599 370 et
1626 334 1806 370 dicebant
1823 348 1829 371 :

241 384 345 431 Ave,
378 398 449 422 rex
480 385 508 422 J
511 385 720 424 udaeorum.
778 386 832 422 Et
862 385 1007 422 dabant
1040 385 1076 422 ei
1112 386 1254 435 alapas,
1288 391 1521 436 exspuentes
1558 387 1601 424 in
1636 400 1749 434 eum3
1791 391 1831 425 et

241 443 473 488 acceperunt
491 439 733 484 arundinem,
755 443 794 476 et
815 439 1086 488 percutiebant
1113 445 1230 489 caput
1258 441 1350 489 ejus,
1410 441 1672 490 Susceperunt
1699 445 1831 478 autem

241 492 387 529 milites
406 493 433 529 J
437 506 554 538 esum,
577 497 616 529 et
635 493 862 542 bajulabant
892 493 966 529 sibi
994 506 1158 539 crucem,
1179 498 1220 530 et
1248 494 1373 530 exivit
1400 494 1442 530 in
1469 495 1582 531 illum
1607 495 1735 531 locum
1763 495 1833 544 qui

242 546 388 583 dicitur
409 546 608 592 Calvariae,
631 551 670 583 et
688 547 744 582 ibi
763 546 1039 583 crucifixerunt
1060 560 1160 592 eum,
1183 552 1222 584 et
1248 561 1335 584 cum
1364 560 1408 588 eo
1436 548 1532 585 alios
1550 548 1647 585 duos
1674 549 1765 585 hinc
1791 552 1832 585 ,et

242 600 343 647 inde,
365 600 537 637 medium
565 604 697 637 autem
724 600 752 637 J
755 613 873 638 esum.
932 600 1074 637 Postea
1103 601 1225 637 sciens
1255 601 1284 638 J
1287 614 1372 638 esus
1403 602 1534 638 omnia
1561 615 1646 650 quae
1665 606 1833 639 ventura

243 657 364 700 erant,
388 654 489 690 dixit
509 668 515 690 :
547 653 655 691 Sitio.
714 653 783 690 1lli
802 658 932 690 autem
952 654 1153 703 spongiam
1172 654 1327 703 plenam
1346 659 1454 692 aceto
1477 655 1643 705 hyssopo
1671 656 1833 692 circum-

241 712 430 756 ponentes
450 707 679 744 obtulerunt
698 708 756 744 ori
775 708 806 757 ej
814 722 858 744 us
875 722 885 755 3
915 712 954 744 et
973 721 1062 744 cum
1079 712 1273 757 gustasset
1301 709 1429 745 noluit
1456 709 1600 756 bibere,
1622 709 1689 746 sed
1707 709 1832 746 dixit:

243 761 567 797 Consummatum
600 765 668 798 est.
728 761 781 798 Et
818 761 1007 798 inclinato
1041 762 1166 812 capite
1199 763 1329 799 emisit
1361 763 1554 812 spiritum.
1613 762 1667 799 Et
1700 764 1834 799 statim

242 818 347 851 terra
379 815 624 862 contremuit,
653 815 710 853 sol
742 816 969 852 obscuratus
1002 819 1072 862 est,
1102 819 1141 852 et
1168 816 1299 852 velum
1332 816 1468 866 templi
1500 817 1662 853 scissum
1695 820 1764 863 est,
1795 821 1835 853 et

241 872 361 918 petrae
382 869 506 905 scissae
526 873 619 906 sunt
633 882 643 915 3
667 874 707 906 et
725 874 978 906 monumenta
997 874 1131 918 aperta
1150 874 1253 915 sunt,
1271 874 1309 906 et
1325 870 1393 919 qui
1413 870 1668 917 dormierunt,
1684 883 1835 907 surrex-

242 927 370 959 erunt.
431 923 525 967 Quae
559 936 648 959 cum
680 923 841 960 vidisset
875 924 1062 970 centuriO,
1090 924 1194 960 dixit
1213 938 1219 960 :
1248 923 1353 960 Vere
1385 924 1489 960 filius
1523 924 1598 961 Dei
1631 928 1714 961 erat
1747 924 1830 960 iste.

242 976 416 1013 Tandem
450 990 551 1013 unus
581 977 754 1013 militum
787 977 919 1014 lancea
951 977 1055 1014 latus
1092 978 1176 1027 ejus
1213 979 1375 1027 aperuit,
1411 982 1450 1014 et
1487 978 1673 1014 continuo
1710 978 1836 1014 exivit

241 1030 400 1079 sanguis
420 1034 458 1067 et
477 1043 587 1080 aqua.
638 1031 691 1067 Et
711 1031 779 1079 qui
796 1031 873 1067 ista
893 1031 991 1068 vidit
1009 1031 1279 1069 testimonium
1299 1032 1509 1081 perhibuit,
1525 1035 1564 1068 et
1583 1032 1724 1068 scimus
1744 1032 1836 1080 quia

242 1097 379 1121 verum
399 1088 457 1120 est
477 1084 748 1121 testimonium
768 1085 861 1133 ejus.

326 1146 469 1183 Oratio.

322 1199 440 1243 Deus,
461 1199 530 1249 qui
548 1212 686 1236 manus
705 1203 793 1236 tuas
813 1203 851 1236 et
869 1200 985 1249 pedes
1004 1203 1092 1237 tuos
1113 1203 1152 1237 et
1170 1204 1299 1236 totum
1318 1214 1455 1249 corpus
1484 1204 1598 1237 tuum
1626 1213 1696 1249 pro
1724 1200 1836 1237 nobis

243 1254 509 1303 peccatoribus
528 1254 570 1289 in
589 1253 694 1302 ligno
714 1254 837 1290 crucis
856 1254 1033 1302 posuisti,
1057 1258 1096 1290 et
1125 1267 1306 1290 coronam
1334 1255 1533 1303 spinarum
1566 1267 1589 1290 a
1616 1254 1644 1291 J
1647 1254 1766 1290 udaeis
1794 1254 1837 1290 in

245 1308 429 1356 despectu
448 1307 509 1344 tui
528 1307 778 1344 sacratissimi
806 1307 975 1357 corporis
995 1321 1111 1357 super
1139 1312 1256 1357 caput
1282 1312 1397 1344 tuum
1416 1308 1640 1357 impositam
1668 1308 1836 1344 sustinu-

244 1362 312 1398 isti
325 1374 335 1407 3
366 1365 405 1397 et
424 1361 596 1411 quinque
615 1361 778 1397 vulnera
796 1374 867 1411 pro
886 1362 998 1398 nobis
1017 1362 1283 1410 peccatoribus
1301 1362 1344 1398 in
1363 1362 1485 1398 crucis
1504 1362 1680 1411 patibulo
1704 1375 1837 1411 passus

243 1415 367 1462 fuisti,
388 1419 427 1451 et
446 1428 516 1452 nos
536 1428 643 1452 sacro
662 1415 850 1464 sanguine
869 1419 938 1451 tuo
958 1415 1158 1452 redemisti
1173 1429 1180 1461 3
1201 1416 1250 1452 da
1264 1416 1388 1461 nobis,
1405 1429 1636 1465 quaesumus,
1654 1415 1834 1461 Domine,

244 1468 360 1505 hodie
391 1474 429 1505 et
463 1469 637 1518 quotidie
666 1482 782 1506 usum
813 1469 1063 1518 paenitentiae,
1084 1469 1345 1516 abstinentiae,
1366 1469 1578 1518 patientiae,
1599 1469 1838 1506 humilitatis

247 1527 288 1559 et
308 1523 499 1560 castitatis
512 1537 522 1570 3
547 1523 692 1569 lumen,
713 1536 881 1569 sensum,
903 1527 942 1560 et
961 1523 1206 1560 intellectum
1225 1527 1264 1560 et
1283 1536 1416 1559 veram
1435 1524 1638 1560 scientiam
1656 1536 1778 1572 usque
1796 1523 1838 1559 in

245 1577 365 1613 finem
385 1577 489 1623 vitae,
512 1590 580 1626 per
597 1581 649 1622 te,
669 1577 697 1614 J
700 1590 767 1614 esu
788 1577 953 1624 Christe,
976 1577 1155 1614 Salvator
1174 1577 1322 1622 mundi,
1343 1578 1411 1626 qui
1433 1590 1521 1614 cum
1540 1577 1623 1614 Deo
1653 1576 1770 1614 Patre
1800 1581 1838 1613 et

247 1630 399 1680 Spiritu
419 1631 561 1668 Sancto
580 1631 681 1668 vivis
700 1635 740 1668 et
758 1644 896 1680 regnas
916 1630 1035 1677 Deus,
1066 1630 1144 1668 Per
1162 1631 1295 1668 omm‘a
1313 1631 1453 1668 saecula
1472 1631 1710 1668 saeculorum.

890 1748 1010 1785 From
1035 1748 1122 1786 MS.
1149 1748 1196 1786 D.

687 1826 844 1862 ORAT10
874 1837 1055 1862 DIQENDA
1083 1837 1190 1862 ANTE
1220 1825 1394 1863 MISSAM.

327 1907 495 1944 Domine
515 1907 543 1944 J
546 1920 612 1943 esu
633 1907 798 1953 Christe,
821 1920 906 1956 spes
926 1911 964 1943 et
984 1907 1087 1943 salus
1106 1907 1149 1943 in
1167 1911 1206 1943 te
1235 1907 1487 1956 sperantium,
1507 1907 1621 1943 decus
1650 1909 1690 1943 et
1716 1906 1841 1943 honor

246 1961 498 2008 sacerdotum,
520 1960 619 1998 Jesu
651 1961 724 2010 pie,
745 1961 773 1998 J
776 1974 843 1998 esu
875 1961 985 2006 bone,
1016 1961 1160 2010 gratias
1192 1961 1267 1997 tibi
1297 1974 1368 2010 ago
1400 1961 1468 2010 qui
1500 1961 1604 1997 inter
1635 1960 1839 2009 collegium

246 2015 489 2052 sacerdotum
525 2019 684 2051 tuorum
721 2028 782 2051 me
820 2027 1096 2051 connumerare
1129 2014 1312 2064 dignatus
1350 2028 1398 2052 es.
1466 2014 1556 2061 Fac,
1592 2014 1693 2051 bone
1729 2014 1757 2051 J
1760 2027 1838 2057 esu,

245 2082 398 2106 mecum
424 2069 578 2105 obsecro
607 2068 706 2105 hanc
734 2068 1038 2105 misericordiam
1051 2082 1061 2115 3
1089 2072 1135 2105 ut
1155 2069 1203 2105 ad
1231 2068 1385 2105 laudem
1411 2072 1451 2105 et
1478 2068 1641 2118 gloriam
1670 2067 1840 2105 nominis

245 2123 308 2159 tui
327 2127 367 2159 et
395 2126 536 2159 sanctae
567 2123 705 2159 Mariae
734 2122 871 2159 matris
896 2127 987 2169 tuae,
1010 2125 1049 2159 et
1081 2122 1257 2159 omnium
1289 2122 1521 2159 Sanctorum
1543 2126 1661 2171 atque
1693 2125 1834 2158 sanctae

246 2177 384 2213 matris
413 2177 606 2222 Ecclesiae,
636 2180 675 2213 et
702 2176 750 2213 ad
777 2176 1024 2213 devotionem
1055 2176 1190 2225 populi
1218 2176 1279 2213 tui
1313 2180 1350 2213 et
1379 2176 1674 2213 aedificationem
1701 2176 1839 2212 animae

247 2243 352 2277 meae,
375 2232 533 2267 missam
562 2231 713 2267 valeam
746 2230 859 2267 hodie
892 2230 1095 2276 celebrare,
1119 2243 1257 2279 corpus
1289 2234 1403 2266 tuum
1437 2230 1723 2266 sanctissimum
1755 2242 1841 2266 con-

248 2297 406 2330 secrare,
429 2288 468 2322 et
487 2284 655 2321 officium
678 2284 914 2321 sacerdotale
942 2284 1122 2333 perficere
1142 2284 1258 2333 digne
1277 2284 1502 2333 devoteque,
1523 2287 1569 2320 ut
1596 2283 1672 2320 tibi
1689 2283 1838 2320 valeam

248 2338 398 2387 placere
418 2343 457 2375 et
475 2338 600 2376 vitam
619 2351 745 2375 meam
763 2338 805 2374 in
824 2342 893 2375 tuo
912 2342 1046 2375 sancto
1066 2338 1225 2375 servitio
1244 2338 1373 2375 fovere
1393 2343 1432 2374 et
1450 2338 1572 2374 finire.
1631 2338 1773 2374 Amen.

697 2470 855 2507 ORATIO
883 2481 1066 2507 DICENDA
1093 2481 1189 2507 PosT
1217 2469 1393 2507 M1ssAM.

332 2553 487 2590 Gratias
511 2553 586 2589 tibi
617 2566 699 2602 ago,
730 2552 899 2589 Domine
931 2552 1028 2589 Jesu
1063 2551 1226 2598 Christe,
1258 2551 1327 2601 qui
1358 2564 1419 2588 me
1446 2550 1632 2587 miserum
1655 2549 1841 2600 indignis-

251 2608 393 2644 simum
425 2611 464 2643 et
500 2606 809 2643 infelicissimum
840 2611 1080 2655 peccatorem
1112 2606 1161 2642 ad
1193 2605 1468 2642 sacerdotalem
1498 2604 1730 2653 dignitatem
1759 2617 1842 2653 pez·—

248 2661 382 2698 venire
400 2660 536 2706 fecisti,
560 2664 598 2697 et
617 2660 714 2696 mihi
733 2660 848 2697 hodie
877 2673 926 2696 ex
946 2660 1047 2696 dono
1075 2659 1262 2708 largifluae
1291 2659 1477 2695 bonitatis
1505 2662 1596 2704 tuae,
1617 2661 1656 2694 et
1683 2671 1764 2694 11011
1791 2671 1841 2695 ex

249 2715 346 2751 meis
365 2714 525 2761 meritis,
547 2714 768 2751 concessisti
786 2714 953 2764 gratiam
973 2713 1221 2750 consecrandi
1249 2712 1549 2749 sacratissimum
1570 2725 1708 2761 eorpus
1725 2715 1839 2748 tuum

250 2773 291 2805 et
319 2768 546 2817 sanguinem
562 2781 573 2815 3
601 2767 777 2814 concede,
797 2780 938 2817 quaeso,
959 2780 1028 2816 per
1055 2767 1375 2817 benignissimam
1400 2765 1704 2802 misericordiam
1730 2770 1841 2802 tuam

250 2826 290 2859 et
309 2821 545 2858 ineffabilem
564 2821 752 2870 pietatem
770 2825 880 2857 tuam
900 2825 939 2857 et
962 2824 1135 2857 sanctam
1164 2821 1382 2870 passionem
1411 2824 1522 2856 tuam
1553 2823 1593 2856 et
1622 2832 1773 2856 crucem
1801 2824 1841 2855 et

249 2889 319 2925 per
337 2876 526 2912 virtutem
545 2875 663 2924 hujus
677 2875 909 2912 venerabilis
928 2874 1170 2921 sacramenti,
1187 2878 1234 2911 ut
1252 2874 1323 2910 hoc
1342 2873 1538 2910 ineffabile
1556 2877 1841 2910 sacramentum

251 2930 355 2978 quod
374 2929 520 2978 sumpsi
539 2929 724 2978 indignus
742 2932 930 2978 peccator,
953 2942 1032 2965 non
1052 2928 1103 2964 sit
1121 2928 1220 2964 mihi
1238 2931 1368 2964 reatus
1388 2926 1437 2963 ad
1455 2940 1607 2976 paenam
1626 2927 1692 2964 sed
1719 2926 1840 2962 inter-

252 2983 370 3020 cessio
390 2983 571 3021 salutaris
599 2983 648 3020 ad
666 2983 833 3030 veniam,
856 2987 901 3019 ut
931 2981 1116 3032 quicquid
1146 2982 1259 3019 hodie
1289 2981 1337 3018 ad
1367 2984 1544 3018 sanctum
1575 2980 1697 3018 altare
1726 2984 1838 3017 tuum
