1979 3348
720 232 846 273 Festa
877 232 1130 274 Februarii.
1670 243 1721 282 19

130 342 354 392 deligamus.
414 343 493 388 Qui
530 356 617 380 cum
649 342 766 379 Patre
798 346 837 379 et
868 343 1003 380 eodem
1035 343 1187 392 Spiritu
1219 345 1362 382 Sancto
1396 347 1497 383 vivis
1528 352 1567 384 et
1586 362 1722 399 regnas

130 395 247 432 Deus.
307 397 382 433 Per
401 397 531 433 omnia
551 397 689 433 saecula
708 396 946 433 saeculorum.
1004 396 1145 434 Amen.

208 449 261 485 In¹
280 450 408 487 reditu
427 451 472 487 (le
491 450 623 486 Alz‘ari
643 450 756 486 healfe
775 450 928 486 filtro-ise.
987 450 1298 499 Besponsorc‘mn.

209 502 356 551 Gaude,
376 503 511 553 gaude,
552 504 681 540 Maria
701 504 810 552 virgo
825 517 834 549 3
877 507 1033 540 cunctas
1062 505 1224 542 haereses
1250 506 1330 543 sola
1348 507 1583 544 interemisti
1596 522 1606 555 ,·
1635 523 1719 558 quaae

129 556 321 593 Gabrielis
353 557 574 607 archangeli
606 557 721 593 dictis
754 557 952 593 credidisti
969 571 975 594 :
1023 558 1118 594 dum
1149 560 1260 608 Virgo
1292 560 1421 597 Deum
1450 565 1489 598 et
1522 556 1720 600 hominem

126 611 308 658 genuisti,
329 615 368 647 et
388 615 473 660 post
492 615 649 660 partum
669 611 778 659 virgo
798 611 988 647 inviolata
1007 613 1266 659 permansisti.

138 663 172 700 Γ.
205 664 427 701 Gabrielem
460 664 735 712 archangelum
766 665 907 700 scimus
937 665 1128 701 divinitus
1161 671 1200 703 te
1231 680 1310 703 esse
1343 667 1505 704 affatum
1522 683 1528 706 :
1562 673 1719 707 uterum

125 720 238 753 tuum
282 718 329 754 de
368 718 518 766 Spiritu
556 718 697 754 Sancto
735 717 926 754 credimus
963 717 1253 767 impregnatum
1277 734 1284 757 :
1327 722 1526 759 erubescat
1552 723 1581 760 J
1582 724 1716 761 udaeus

124 770 274 816 infelix,
298 772 366 820 qui
385 772 480 808 dicit
500 771 701 808 Christum
721 784 770 807 ex
789 771 817 807 J
820 771 937 820 oseph
956 772 1102 808 semine
1121 786 1200 810 esse
1219 778 1368 812 natum.

206 831 364 870 Prosus&

443 887 654 931 Inviolata,
674 887 837 935 integra,
859 890 898 922 et
918 890 1022 923 casta
1042 900 1094 934 eS,
1116 888 1245 925 Maria
1262 902 1272 935 3

445 941 540 985 Quae
561 953 600 976 es
620 941 755 976 effecta
774 940 922 988 fulgida
942 941 1026 977 caeli
1044 946 1167 990 porta.

443 994 476 1031 O
498 994 630 1030 llIater
648 994 750 1030 alma
770 994 917 1030 Christi
937 994 1145 1042 carissima,

444 1047 602 1096 Suscipe
622 1048 782 1084 laudum
802 1048 865 1096 pia
886 1048 1118 1096 precamina,

439 1101 588 1138 Nostra
607 1105 653 1137 ut
672 1115 770 1150 pura
790 1105 945 1150 pectora
965 1102 1045 1138 sint
1065 1107 1104 1138 et
1124 1116 1296 1152 corpora,

441 1155 535 1199 Quae
556 1168 660 1191 nunc
679 1155 859 1203 flagitant
879 1155 1029 1201 devote,
1052 1169 1217 1207 voxque,
1241 1161 1281 1194 et
1301 1158 1426 1196 corda.

439 1209 500 1244 Tu
520 1209 569 1245 da
588 1222 657 1258 per
675 1213 831 1258 precata
850 1209 1051 1246 dulcisona

439 1263 566 1299 Nobis
586 1267 772 1311 perpetua
792 1263 871 1298 frui
891 1264 982 1299 vita.

437 1316 470 1353 O
491 1317 615 1361 beata,
638 1317 670 1353 O
691 1317 870 1365 benigna,
895 1317 927 1353 O
948 1317 1073 1363 beata,
1097 1330 1183 1366 quae
1204 1318 1285 1354 sola

436 1370 635 1406 Inviolata
655 1370 913 1418 permansisti.

194 1434 248 1471 Ῐπ
267 1435 429 1472 statione
448 1441 536 1472 (mcc
558 1435 729 1473 Crucem.
788 1436 1099 1483 Besponsorium.

195 1489 441 1538 Responsum
461 1490 608 1538 accepit
629 1490 797 1538 Symeon
813 1502 835 1525 a
852 1489 1002 1538 Spiritu
1017 1488 1159 1526 Sancto
1179 1503 1258 1526 non
1273 1492 1451 1529 visurum
1471 1506 1510 1530 se
1531 1500 1707 1544 mortem,

113 1541 188 1579 nisi
201 1543 350 1579 videret
371 1542 573 1579 Christum
598 1543 770 1579 Domini.
830 1543 883 1578 Et
903 1556 990 1579 cum
1010 1543 1240 1580 inducerent
1259 1558 1424 1593 puerum
1444 1547 1486 1583 in
1504 1550 1707 1598 templum,

113 1596 259 1644 accepit
278 1610 368 1633 eum
395 1597 437 1632 in
466 1597 578 1632 ulnas
607 1609 703 1643 suas,
727 1601 766 1632 ct
785 1597 987 1633 benedixit
1007 1597 1147 1643 Deum,
1172 1602 1210 1634 et
1231 1598 1360 1635 dixit:
1395 1600 1435 1636 N
1438 1614 1513 1638 unc
1539 1603 1708 1641 dimittis

111 1661 266 1686 servum
288 1655 401 1686 tuum
422 1650 591 1686 Domine
610 1651 652 1686 in
671 1664 773 1699 pace.

119 1702 155 1739 Γ.
206 1703 420 1752 Postquam
453 1704 606 1753 impleti
643 1708 735 1740 sunt
773 1704 853 1740 dies
890 1704 1134 1753 purgationis
1173 1704 1311 1741 Mariae
1341 1708 1553 1746 secundum
1582 1710 1707 1760 legem

110 1756 252 1805 Moysi,
275 1759 453 1794 tulerunt
489 1758 515 1794 J
520 1771 627 1793 esum
664 1758 706 1793 in
745 1758 1005 1803 Hierusalem,
1038 1762 1084 1794 ut
1117 1759 1299 1795 sisterent
1336 1773 1426 1797 eum
1456 1761 1638 1812 Domino,
1667 1772 1706 1803 et

108 1810 278 1847 facerent
311 1811 522 1848 seeundum
556 1811 877 1848 consuetudinem
908 1812 1003 1861 legis
1033 1825 1104 1861 pro
1131 1825 1198 1849 eo:
1225 1817 1264 1849 et
1288 1826 1374 1851 ecce
1393 1828 1514 1853 senex
1535 1817 1706 1867 Symeon

108 1864 268 1901 veniens
287 1865 328 1901 in
349 1865 500 1914 Spiritu
520 1865 562 1901 in
581 1866 782 1914 templum.
841 1866 1007 1915 Accepit
1026 1879 1124 1902 eum.

197 1926 419 1963 Versiculns.
479 1927 719 1963 Obtulerunt
738 1941 807 1976 pro
827 1941 870 1964 eo
891 1927 1072 1964 Domino.

187 1981 295 2029 Besp.
356 1980 434 2017 Par
458 1985 671 2028 turturum,
694 1986 760 2017 aut
782 1981 876 2018 duos
896 1982 1023 2031 pullos
1043 1982 1322 2020 columbarum.

195 2034 370 2071 Oremus.
431 2034 574 2071 Orcafae'o.

188 2087 335 2125 Perfice
382 2088 425 2124 in
462 2089 585 2135 nobis,
626 2102 857 2138 quaesumus,
898 2089 1079 2136 Domine,
1126 2090 1293 2139 gratiam
1330 2094 1450 2139 tuam,
1491 2095 1558 2142 qui
1599 2097 1700 2145 justi

107 2141 309 2190 Symeonis
339 2143 651 2191 expectationem
683 2143 865 2191 implesti,
885 2147 931 2179 ut
950 2143 1051 2180 sicut
1083 2143 1150 2180 ille
1170 2149 1335 2181 mortem
1358 2158 1438 2182 non
1457 2147 1568 2195 vidit,
1590 2151 1701 2198 prius

105 2208 222 2244 quam
242 2196 442 2232 Christum
462 2196 677 2232 Dominum
697 2197 827 2233 videre
847 2201 1071 2244 mereretur,
1087 2197 1144 2233 ita
1160 2201 1199 2234 et
1218 2211 1287 2234 nos
1307 2199 1432 2235 vitam
1452 2201 1697 2241 obtineamus

105 2254 299 2286 aeternam.
359 2249 436 2286 Per
455 2250 620 2286 eundem
641 2250 852 2287 Christum.

184 2311 236 2348 In
255 2311 419 2348 introitu
438 2311 549 2348 chori.
609 2311 917 2360 Requonsorimn.

184 2366 285 2402 Cum
303 2365 532 2402 inducerent
564 2378 729 2414 puerum
758 2366 786 2401 J
789 2378 896 2401 esum
925 2369 1105 2414 parentes
1135 2367 1228 2415 ejus,
1249 2369 1398 2418 accepit
1417 2385 1506 2409 eum
1527 2371 1696 2421 Symeon

102 2419 144 2455 in
178 2419 288 2456 ulnas
321 2432 419 2466 suas,
443 2424 482 2456 et
512 2420 715 2456 benedixit
752 2420 893 2465 Deum,
925 2424 964 2456 et
996 2420 1101 2456 dixit
1119 2434 1127 2458 :
1167 2421 1286 2459 Nunc
1306 2423 1486 2473 dimittis,
1509 2426 1690 2475 Domine,

102 2485 256 2509 servum
277 2479 392 2510 tuum
410 2486 452 2509 in
472 2486 574 2522 pace.

113 2527 148 2563 V.
186 2527 395 2576 Accipiens
420 2527 594 2575 ¹Symeon
623 2527 664 2562 in
703 2527 814 2563 ulnas
842 2540 1008 2576 puerum
1035 2527 1078 2564 in
1102 2529 1282 2566 manibus
1307 2532 1453 2580 gratias
1484 2547 1601 2584 agens
1626 2549 1691 2573 ex-

100 2581 295 2625 clamavit,
316 2582 446 2618 dicens
467 2595 474 2617 ε
505 2581 622 2617 Nunc
641 2581 818 2617 dimittis.

188 2635 410 2672 Ver-siculas.
471 2634 635 2683 Symeon
651 2635 783 2683 justus
803 2639 842 2671 et
860 2634 1078 2672 timoratus.

179 2689 288 2739 Kasp.
338 2689 582 2737 Expectabat
597 2689 904 2738 redemptionem
916 2689 1051 2735 Israel,
1066 2692 1104 2726 et
1117 2689 1287 2740 Spiritus
1300 2691 1465 2731 Sanctus
1478 2700 1561 2733 erat
1572 2697 1614 2733 in
1627 2711 1682 2736 eo,

181 2743 355 2779 Oremus.
416 2742 560 2780 Oratio.

178 2796 345 2843 Exaudi,
366 2809 597 2845 quaesumus,
619 2795 799 2841 Domine,
816 2795 967 2844 plebem
988 2799 1108 2844 tuam,
1125 2801 1163 2834 et
1182 2811 1267 2847 quae
1293 2801 1534 2839 extrinsecus
1553 2817 1684 2843 annua

96 2850 237 2886 tribuis
269 2850 473 2887 devotione
505 2850 694 2896 venerari,
724 2850 890 2886 interius
921 2851 1074 2899 assequi
1101 2853 1236 2901 gratiae
1274 2857 1352 2891 tuae
1387 2855 1473 2893 luce
1506 2859 1679 2897 concede.

96 2903 172 2940 Per
192 2904 391 2942 Christum
411 2904 627 2941 Dominum
646 2907 833 2940 nostrum.

495 2990 511 3008 ³¹
532 2988 601 3018 Ms.
624 2988 747 3018 D.-Ec
760 2988 879 3018 dicatur
890 2988 998 3027 Prosa,
1011 2988 1038 3018 si
1050 2989 1277 3029 necesse-fuerit.
