1979 3348
753 189 879 231 Festa
908 188 1179 244 Septembris.
1706 197 1759 238 99

175 299 241 336 Fit
262 311 351 334 mox
371 299 500 348 puella
519 299 645 335 verbis
665 299 832 345 credula,

175 352 227 388 Et
248 365 433 401 puerpera
452 356 584 401 stupet
603 356 642 388 et
661 357 766 389 casta

173 405 324 442 Natum
343 410 497 454 gestans
515 406 727 454 speciosum
746 405 869 442 forma
888 410 1085 454 regentem
1105 410 1244 443 cuncta
1263 407 1365 443 orbis
1385 420 1511 457 regna.

137 456 139 459 ’
171 458 215 494 H
219 471 270 494 aec
290 463 347 495 est
368 459 478 507 virga
496 472 575 495 non
595 459 766 508 irrigata,
788 460 854 495 sed
874 459 950 495 Dei
968 460 1094 508 gratia
1113 460 1313 509 florigera:

171 510 269 548 Haec
289 516 346 548 est
367 512 447 548 sola
466 516 694 548 cunctorum
713 512 816 558 hera,
838 517 1014 549 materna
1033 514 1240 550 obscurans
1258 514 1410 562 piacula
1429 528 1436 550 :

172 564 295 601 Velut
315 578 401 601 rosa
419 566 603 602 decorans
622 566 784 614 spineta,
807 566 860 602 sic
880 567 981 614 quod
1002 566 1117 603 laedat
1135 567 1193 603 nil
1212 567 1329 603 habet
1350 567 1477 604 Maria

170 617 294 666 Virgo
312 632 320 655 :
349 619 434 655 Eva
453 619 555 667 quod
575 619 743 656 contulit
762 619 897 667 prima,
921 619 1068 655 Christi
1087 633 1225 668 sponsa
1244 621 1388 671 effugat
1409 622 1546 658 Maria.

169 671 203 707 O
223 672 344 721 virgo,
366 672 445 708 sola
464 676 589 709 mater
607 676 724 718 casta,
744 676 877 707 nostra
896 673 1057 708 crimina

168 724 292 771 Solve,
316 726 411 762 dans
430 739 548 775 regna.
567 726 675 774 queis
694 726 807 761 beata
825 730 990 774 regnant
1008 727 1172 774 agmina.

166 777 282 814 Potes
302 779 405 815 enim
425 784 574 821 cuncta,
596 783 642 815 ut
662 779 798 814 mundi
817 779 960 827 regina,
983 783 1022 815 et
1035 780 1127 827 jura

166 830 264 867 Cum
286 832 393 868 Nato
413 833 542 868 omnia
561 832 746 868 discernis
765 832 806 868 in
827 832 964 868 saecula
980 846 986 868 :
1016 838 1054 869 et
1074 833 1179 870 ultra
1198 833 1367 870 subnixa
1386 847 1425 871 es
1444 835 1486 871 in
1505 835 1627 885 gloria

163 883 376 921 Cherubim
395 886 516 922 electa
536 885 814 934 Seraphimque
840 885 942 922 clara
960 886 1124 935 agmina.

163 937 269 974 Nam
291 940 410 985 juxta
430 940 574 975 Filium
593 939 699 975 sedes
718 939 760 974 in
779 939 940 975 dextera
958 939 1124 976 rutilans
1143 940 1281 986 virtus,
1302 941 1447 990 lampas
1467 946 1505 979 ct
1524 943 1659 992 sophia
1676 958 1683 980 ;

163 991 363 1028 Nativitas
384 993 485 1028 unde
505 993 647 1041 gaudia
665 992 776 1028 nobis
795 992 909 1029 hodie
928 993 1041 1029 affert
1060 1007 1201 1039 annua,

162 1044 215 1080 Et
235 1050 388 1082 resonat
407 1047 586 1082 camaenis
605 1046 695 1082 aula
713 1046 755 1081 in
775 1045 888 1082 laude
909 1050 986 1092 tua,
1002 1047 1111 1096 virgo
1132 1047 1260 1084 Maria
1277 1061 1285 1083 :

161 1097 316 1135 Gaudet
335 1112 404 1148 per
423 1100 579 1136 climata
598 1100 700 1135 orbis
721 1099 892 1135 Ecclesia
912 1100 1052 1146 dicens,
1075 1100 1260 1150 Alleluya
1275 1115 1284 1147 ;

162 1150 275 1195 Quod
296 1156 335 1189 et
355 1153 501 1201 palatia
520 1153 602 1189 caeli
624 1153 795 1189 clamant
814 1153 989 1190 dindima
1008 1167 1129 1203 usque
1149 1154 1282 1191 (la-ntia
1300 1156 1502 1205 praeconia.

238 1232 407 1270 Initium
426 1234 550 1270 eflecti,
569 1233 781 1281 Evngseliz'.
839 1234 1059 1271 *Secundum
1078 1235 1129 1271 M
1126 1235 1307 1272 cetthaeum
1325 1237 1375 1284 (i.
1403 1237 1523 1284 1-16).

239 1286 357 1323 Liber
375 1287 635 1336 generationis
654 1300 773 1335 usque
793 1288 846 1323 ad
865 1288 933 1336 qui
951 1294 1113 1325 vocatur
1133 1288 1320 1326 Christus.

239 1340 372 1376 Credo.

240 1394 491 1439 Ostia-lorium.

238 1449 326 1483 Ave
347 1447 475 1483 Maria
494 1447 619 1496 gratia
637 1448 771 1496 plena:
794 1447 986 1484 Dominus
1002 1453 1147 1485 tecum:
1167 1449 1370 1486 benedicta
1384 1454 1428 1487 tu
1444 1450 1485 1487 in
1500 1452 1738 1500 mulieribus,

156 1503 195 1536 et
214 1500 438 1537 benedictus
457 1501 607 1537 fructus
631 1501 780 1537 ventris
800 1501 870 1537 tui.

233 1553 390 1590 Secreta.

236 1606 446 1656 Unigeniti
464 1607 535 1652 tui,
556 1607 736 1654 Domine,
759 1607 871 1644 nobis
891 1612 1089 1645 succurrat
1118 1609 1353 1656 humanitas,
1380 1615 1426 1647 nt
1456 1612 1524 1660 qui
1550 1617 1666 1649 natus
1690 1614 1738 1651 de

153 1659 318 1709 Virgine
338 1661 474 1697 matris
492 1661 759 1710 integritatem
779 1674 856 1697 non
877 1661 1022 1698 minuit
1041 1662 1107 1698 sed
1126 1664 1293 1700 sacravit
1307 1677 1317 1710 3
1342 1664 1383 1700 in
1404 1665 1636 1703 Nativitatis
1656 1668 1739 1715 ejus

151 1713 374 1761 sollemniis,
395 1728 419 1751 a
438 1715 579 1751 nostris
605 1728 674 1751 nos
698 1715 860 1764 piaculis
884 1728 1039 1761 exuens,
1066 1716 1301 1753 oblationem
1320 1722 1493 1756 nostram
1519 1720 1593 1756 sibi
1622 1720 1738 1757 saciat

150 1770 354 1816 acceptam.
413 1768 490 1804 Per
508 1768 683 1805 eundem.

228 1819 322 1857 Alia
340 1821 489 1858 Secreta
509 1822 553 1858 (le
572 1828 701 1859 sancto
720 1821 910 1868 Adriano,
933 1829 1110 1871 martyre.

229 1874 409 1922 Munera,
440 1888 669 1924 quaesumus,
703 1875 884 1921 Domine,
910 1876 984 1912 tibi
1014 1877 1142 1913 dicata
1172 1878 1380 1924 sanctifica,
1404 1883 1443 1916 et
1473 1879 1738 1919 intercedente

148 1927 260 1964 beato
279 1928 469 1975 Adriano,
489 1942 558 1977 per
577 1929 709 1966 eadem
728 1942 797 1966 nos
816 1929 990 1978 placatus
1008 1930 1176 1968 intende.
1237 1932 1313 1968 Per
1332 1933 1557 1972 Dominum.

227 1982 425 2029 l'rajfatio.
483 1983 537 2019 Et
554 1987 594 2020 te
612 1983 654 2019 in
674 1983 715 2019 N
717 1983 908 2021 ativitate.

227 2034 467 2072 (Vommumffo.

226 2088 439 2126 Benedicta
458 2103 480 2125 a
499 2089 578 2126 filio
598 2094 666 2127 tuo
687 2090 869 2137 Domina,
893 2091 984 2139 quia
1003 2104 1072 2140 per
1090 2096 1129 2128 te
1154 2091 1325 2129 fructum
1355 2094 1448 2129 vitae
1478 2096 1732 2133 communica-

145 2142 281 2178 vimus.

226 2196 542 2234 Poste-mammio.

225 2249 478 2299 Sunipsimus,
501 2250 680 2297 Domine,
703 2251 937 2288 celebritatis
957 2265 1095 2288 annuae
1115 2253 1249 2289 votiva
1274 2259 1537 2302 sacramenta,
1577 2261 1726 2304 praesta,

144 2315 376 2350 quaesumus,
408 2308 455 2340 ut
485 2308 524 2340 et
554 2305 777 2353 temporalis
806 2305 918 2341 nobis
948 2305 1038 2341 vitae
1070 2307 1240 2343 remedia
1272 2308 1469 2356 praebeant
1502 2314 1540 2346 et
1572 2314 1725 2348 :zeter-na.

143 2354 219 2392 Per
246 2356 471 2394 Dominum.

225 2410 314 2446 Alia
342 2411 660 2448 Postcomummio.

223 2463 335 2500 Beati
365 2465 532 2501 Adriani
559 2465 742 2514 martyris
765 2466 834 2511 tui,
856 2465 1035 2513 Domine,
1056 2466 1329 2505 intercessione
1357 2469 1541 2518 placatus,
1574 2478 1725 2520 praesta,

141 2528 372 2564 quaesumus,
396 2523 441 2555 ut
460 2519 563 2569 quod
582 2519 847 2568 temporaliter
865 2520 1045 2569 gerimus,
1066 2525 1253 2570 perpetua
1274 2522 1488 2560 salvatione
1518 2526 1723 2575 capiamus.

141 2569 217 2606 Per
246 2570 470 2609 Dominum.

308 2708 359 2745 IN
387 2709 588 2747 CRASTINO
617 2710 886 2747 NA'river'rIs
916 2722 1054 2747 BEATAE
1082 2711 1237 2749 MARIAE
1266 2712 1317 2763 (v.
1341 2714 1397 2751 Id.
1422 2714 1556 2766 Sept),

475 2775 568 2812 Nz‘si
586 2775 942 2824 Dominicafiaeric,
964 2777 1118 2815 dicatur
1137 2779 1189 2816 (αἱ
1209 2778 1382 2817 Missum.

218 2866 400 2914 Officium.
459 2868 585 2916 Salve,
606 2874 740 2907 sancta
758 2883 906 2921 parens.

218 2918 361 2960 Oratio.
421 2921 761 2973 Supplicationem.
