1979 3348
383 205 627 259 Fraqment
647 204 698 259 of
722 219 751 246 a
771 204 932 246 Missal
953 204 1004 259 of
1027 203 1093 246 the
1125 204 1199 245 Uee
1221 204 1272 258 of
1295 204 1496 246 Linooln.
1654 207 1738 247 343

605 496 816 532 DOMINICA
846 505 969 530 PRIMA
998 505 1041 530 IN
1070 498 1285 531 ADVENTU.

228 599 460 636 Notandum
489 599 591 646 quod
617 598 651 634 si
683 598 727 634 in
759 596 939 633 Adventu
970 597 1133 634 Domini
1168 597 1326 635 Festum
1353 611 1484 635 novem
1513 598 1738 636 Lectionum

147 652 343 701 contiyerit
367 653 411 689 in
433 652 650 697 Dominica,
673 651 717 687 in
742 651 956 688 crastinum
975 657 1182 688 reservetur
1195 666 1211 696 ‚·
1260 651 1394 688 Gloria
1413 651 1455 687 in
1481 652 1641 689 excelsis
1659 666 1739 690 non

147 712 321 743 cantetur
332 721 347 751 ,·
376 706 429 742 Te
449 706 578 742 Deum
606 705 810 741 laudamus
835 705 1061 749 omittatur;
1091 711 1125 741 et
1143 705 1188 741 in
1202 704 1283 754 ejus
1303 705 1379 742 loco
1406 719 1553 742 nonum
1571 706 1740 755 Respon-

145 760 292 797 sorium
328 765 547 808 repetatur:
595 759 657 795 Ite
690 759 808 794 missa
844 762 901 794 est
939 758 1173 795 dimittatur.
1249 758 1303 795 In
1340 759 1578 797 dedicatione
1611 765 1738 798 tamen

147 813 322 851 Ecclesiae
341 819 585 861 competenter
604 826 682 848 non
701 811 921 848 omittimus.

224 882 290 920 Ad
309 883 483 919 Blissccm.
545 882 728 929 Officium.

225 936 293 973 Ad
329 940 368 973 te
404 935 532 972 levavi
569 935 740 971 animam
778 948 903 971 meam
936 949 943 972 :
1000 935 1108 971 Deus
1145 948 1265 982 meus,
1304 935 1346 972 in
1382 939 1422 972 te
1459 936 1620 981 confido,
1657 949 1738 974 non

146 990 396 1027 erubescam:
437 1002 561 1038 neque
591 989 783 1025 irrideant
812 1002 873 1025 me
904 989 1052 1025 inimici
1082 989 1158 1025 mei
1182 1003 1190 1026 :
1229 989 1375 1026 etenim
1405 989 1579 1027 universi
1602 991 1671 1039 qui
1697 994 1737 1028 te

145 1047 353 1093 expectant
381 1056 459 1079 non
488 1042 787 1079 confundentur.

228 1108 423 1145 Psalmus.

222 1161 319 1198 Vias
338 1166 438 1207 tuas,
462 1161 643 1207 Domine,
664 1161 887 1198 demonstra
906 1161 1004 1197 mihi
1020 1174 1027 1197 :
1059 1164 1099 1198 et
1118 1161 1275 1199 semitas
1295 1165 1383 1199 tuas
1402 1162 1517 1199 edoce
1538 1175 1605 1199 me.

225 1215 360 1253 Gloria
376 1216 497 1252 Patri.
557 1216 666 1252 Sicut
678 1220 771 1252 erat.

221 1280 430 1330 Repetatur
451 1280 636 1329 Officium.

220 1334 273 1371 In
292 1334 522 1383 Duplioibus
540 1348 624 1371 vero
644 1333 767 1371 Festi-s·
788 1340 939 1372 tantum
960 1334 1116 1372 dicatur
1136 1340 1190 1373 ter
1210 1334 1397 1384 Officium,
1420 1335 1558 1373 scilicet
1578 1335 1634 1373 bis
1647 1342 1738 1374 ante

141 1388 275 1426 Gloria
294 1388 415 1434 Patri,
433 1394 465 1426 et
484 1388 595 1425 semel
605 1394 703 1437 post.

224 1453 368 1492 Oratio.

220 1508 373 1554 Excita,
410 1507 591 1555 Domine,
630 1507 849 1558 potentiam
886 1514 995 1545 tuam
1033 1512 1072 1546 et
1104 1508 1222 1546 veni:
1270 1512 1315 1545 ut
1352 1509 1401 1545 ab
1438 1508 1734 1547 imminentibus

136 1566 382 1611 peccatorum
424 1566 647 1598 nostrorum
690 1561 884 1611 periculis,
927 1566 966 1598 te
1008 1575 1226 1599 mereamur
1265 1566 1493 1613 protegente
1534 1563 1644 1613 eripi,
1692 1567 1732 1600 te

140 1615 332 1652 liberante
359 1615 515 1652 salvari.
593 1615 671 1660 Qui
698 1615 799 1651 vivis
827 1619 868 1652 et
895 1629 1043 1665 regnas.

217 1678 365 1718 Lectio*
383 1679 566 1729 Epistotce
581 1680 679 1717 beati
697 1679 821 1716 Pauli
838 1680 1013 1729 Apostoli
1028 1681 1080 1718 ad
1098 1681 1293 1718 Romanos
1312 1680 1417 1731 (miii.
1444 1682 1605 1731 11-14).

219 1734 393 1771 Fratres:
425 1734 596 1770 Scientes
617 1733 709 1783 quia
727 1734 822 1770 hora
841 1739 899 1771 est
918 1748 1036 1783 usque
1055 1735 1110 1772 ad
1126 1735 1337 1772 induimini
1359 1735 1575 1772 Dominum
1594 1736 1622 1773 J
1624 1748 1730 1773 esum

140 1787 353 1825 Christum.

220 1852 396 1890 Gradate.
455 1851 646 1889 Universi
666 1851 734 1901 qui
754 1855 793 1889 te
813 1857 1024 1901 expectant
1042 1866 1123 1890 non
1142 1853 1441 1900 confundentur,
1465 1853 1643 1891 Domine.

145 1906 183 1945 V.
216 1906 316 1944 Vias
348 1910 448 1953 tuas,
482 1906 664 1953 Domine,
699 1910 812 1943 notas
848 1907 907 1943 fac
937 1907 1067 1944 mihi:
1115 1912 1155 1944 et
1187 1908 1345 1944 semitas
1382 1912 1471 1944 tuas
1508 1907 1623 1945 edoce
1658 1920 1730 1944 me.

217 1960 415 2009 Alleluya.

145 2013 182 2052 V.
215 2014 386 2051 Ostende
406 2014 530 2059 nobis,
562 2014 744 2059 Domine,
777 2013 1081 2051 misericordiam
1110 2018 1245 2052 tuam:
1274 2019 1314 2052 et
1342 2015 1513 2053 salutare
1541 2019 1654 2052 tuum
1682 2015 1732 2052 da

217 2068 337 2105 nobis.

218 2132 434 2181 Sequentia.

297 2186 410 2222 Salus
430 2189 585 2230 aeterna,
599 2185 830 2223 'indeficiens
848 2186 986 2223 mundi
1005 2186 1100 2233 vita,

296 2240 387 2276 Lux
405 2239 652 2288 sempiterna,
673 2244 712 2276 et
730 2240 945 2289 redemptio
964 2254 1054 2277 vere
1073 2244 1220 2288 nostra,

296 2293 516 2330 Condolens
534 2293 704 2331 humana
724 2293 850 2343 perire
868 2294 979 2331 saecla
997 2308 1066 2343 per
1083 2295 1275 2332 tentantis
1294 2294 1469 2340 numina,

295 2346 389 2383 Non
408 2347 630 2395 relinquens
649 2347 799 2384 excelsa
818 2348 936 2384 adisti
954 2349 1032 2384 ima
1051 2349 1207 2398 propria
1227 2349 1442 2385 elementia.

296 2401 395 2437 Bon
414 2405 483 2436 tua
501 2405 713 2448 spontanea
731 2402 856 2450 gratia
876 2415 1074 2438 assumens
1093 2403 1274 2447 humana,

297 2454 391 2498 Quae
399 2454 555 2491 fuerant
569 2455 721 2504 perdita
733 2455 862 2491 omnia
875 2455 1036 2492 salvasti
1047 2462 1212 2503 terrena,
1224 2469 1401 2506 quaerens
1416 2456 1562 2493 mundo
1574 2456 1726 2506 gaudia.

295 2507 355 2544 Tu
374 2507 522 2544 animas
541 2512 580 2544 et
598 2521 757 2558 corpora.

295 2561 455 2608 Nostra,
478 2561 643 2609 Christe,
666 2562 792 2612 expia,
811 2567 857 2599 ut
875 2563 1069 2612 possideas
1088 2563 1216 2600 lucida

294 2615 461 2652 Nosmet
479 2615 701 2652 habitacula
718 2630 725 2652 :

294 2669 485 2706 Adventu
505 2669 630 2718 primo
651 2669 837 2718 justifica,

293 2722 345 2759 In
365 2722 530 2759 secundo
550 2736 695 2772 nosque
714 2724 836 2760 libera
851 2737 861 2770 3

291 2776 353 2814 Ut
372 2789 472 2822 eum,
494 2776 596 2813 faeta
615 2777 699 2813 luce
719 2790 870 2825 magna,
886 2777 1081 2826 judicabis
1100 2779 1241 2825 omnia,

293 2829 450 2879 Compti
479 2830 579 2867 stola
603 2830 829 2880 incorrupta
854 2835 1007 2868 nosmet
1033 2835 1102 2869 tua
1127 2833 1408 2882 subsequamur
1435 2845 1527 2870 mox
1561 2832 1727 2884 vestigia

400 2896 632 2933 quoeunque
651 2885 744 2921 visa.

345 2952 359 2966 ⁴*
384 2951 424 2980 In
440 2951 566 2989 margin
581 2951 682 2990 (same
698 2952 809 2992 hand),
823 2952 950 2981 “Nulla
963 2952 1172 2992 menwriafiat
1185 2953 1227 2982 ad
1238 2953 1364 2983 Missam
1379 2953 1435 2983 luzo
1448 2953 1521 2983 dies·
