1979 3348
214 262 297 301 214
588 256 649 298 In
682 255 755 297 <lie
783 253 1072 297 Visitatzonis
1104 252 1233 294 beatoe
1263 250 1438 293 Marica.

214 376 360 408 mutuae
399 367 672 407 consolationis
708 366 836 416 gratia
860 367 1016 402 beatam
1045 363 1248 400 Elisabeth
1271 363 1430 400 visitare
1459 360 1586 399 fecisti
1602 373 1613 409 3
1650 360 1812 398 concede

214 424 406 474 propitius
422 423 532 459 nobis
546 421 702 459 famulis
717 422 808 465 tuis,
825 424 872 456 ut
886 433 936 456 ex
951 419 982 468 ej
989 432 1034 454 us
1049 417 1377 454 consolationibus
1392 417 1543 453 assidue
1557 415 1810 460 consolemur,

213 484 252 516 et
271 492 293 515 a
313 477 463 514 cunctis
482 475 785 513 adversitatibus
804 478 873 510 tuo
892 473 1110 509 munimine
1129 476 1388 520 protegamur.
1447 470 1523 507 Per
1541 469 1716 507 eundem.

294 532 420 568 Lectio
440 531 529 567 libri
550 529 759 578 Sapientioe
781 527 1008 578 (Canticum
1029 525 1281 563 Canticorum
1299 524 1340 562 ii.
1366 525 1440 570 1-4,
1465 523 1609 575 10-14).

295 586 378 635 Ego
398 585 468 620 flos
488 584 614 632 campi
628 596 748 631 usque
768 583 820 619 ml
839 581 956 618 facies
976 584 1045 617 tua
1065 579 1213 617 decora.

297 639 476 676 (ἶναιῖαἶθ.

294 692 507 729 Benedicta
539 694 579 727 ct
607 690 841 727 venerabilis
874 702 926 735 es,
956 688 1068 738 virgo
1101 687 1244 733 Maria,
1273 700 1359 736 quse
1394 686 1477 723 sine
1510 689 1618 722 tactu
1652 684 1812 734 pudoris

212 748 376 785 inventa
396 759 435 783 es
454 750 582 782 mater
600 744 817 781 salvatoris.

221 801 259 839 V.
291 801 417 850 Virgo
438 799 514 836 Dei
533 798 726 848 genetrix,
741 811 857 847 quem
871 800 980 834 totus
998 808 1078 832 non
1098 793 1203 845 capit
1222 795 1337 841 orbis,

428 853 478 891 In
499 858 568 889 tua
587 865 627 889 se
646 852 787 889 clausit
805 851 954 888 viscera
973 850 1098 887 factus
1118 850 1243 886 homo.

294 907 490 957 Alleluya.
545 906 582 946 V.
614 905 747 943 Mater
765 905 942 951 mirifica,

673 960 833 997 Summa
852 973 921 1009 per
939 958 1106 1007 gratiam

617 1014 734 1051 Dona
753 1013 972 1062 multiplica

671 1067 817 1104 Ditans
836 1066 1036 1103 ecclesiam
1055 1080 1063 1103 :

618 1121 746 1158 Sacris
765 1121 980 1157 virtutibus

671 1175 828 1212 Tollens
848 1174 1064 1219 dissidium,

618 1228 761 1266 Confer
779 1227 1003 1277 petentibus

670 1283 800 1319 Tuum
818 1281 1054 1331 praesidium.

294 1338 512 1387 Sequentia.

683 1390 934 1428 Celebremus
952 1388 995 1425 in
1014 1388 1086 1425 hac
1105 1388 1169 1424 die

737 1444 899 1481 Festum
918 1443 1057 1480 domus
1076 1441 1273 1479 Zachariae

736 1498 938 1535 Laudibus
958 1496 1107 1533 laetitiae
1127 1510 1133 1532 :

684 1552 1004 1601 Contemplemur
1023 1551 1080 1587 ibi
1098 1554 1264 1600 gestum,

736 1607 790 1643 Et
809 1606 857 1643 de
876 1609 983 1655 gesto
1002 1605 1073 1641 fiat
1093 1605 1237 1641 festum

735 1661 763 1697 J
766 1674 830 1697 am
849 1660 989 1696 domus
1009 1658 1203 1695 Ecclesiae.

682 1715 831 1751 Thema
844 1714 928 1763 jam
949 1711 1234 1756 sollemnitatis,

737 1768 911 1817 Copiosae
931 1766 1106 1803 caritatis

737 1822 877 1859 Gratia
895 1820 1082 1857 recolitur
1098 1833 1107 1866 ;

683 1876 812 1921 Quam
832 1874 1037 1912 Elizabeth
1056 1874 1172 1910 beata

737 1929 947 1966 Senectute
967 1927 1175 1964 fecundata

737 1983 958 2032 Suscepisse
977 1981 1173 2018 scribitur.

683 2037 801 2075 Orbis
819 2041 927 2073 totus
946 2035 1169 2085 gratuletur
1182 2048 1192 2081 ;

736 2092 833 2128 Toto
859 2090 972 2127 corde
992 2092 1202 2126 veneretur

737 2143 877 2182 Dulcis
897 2143 1082 2180 visitatio.

687 2196 955 2248 Compassivi'*
975 2197 1100 2234 cordis
1119 2195 1354 2245 benignitas,

736 2252 942 2290 Excessivi
961 2255 1088 2288 status
1107 2250 1322 2296 humilitas,

738 2307 855 2344 Sacra
874 2305 1097 2343 consolatio.

683 2361 735 2398 In
759 2361 926 2397 introitu
948 2359 1086 2395 Mariae

738 2414 896 2451 Prolem
915 2412 1131 2463 prophetiae

738 2468 909 2518 Spiritus
928 2466 1129 2504 illuminat
1147 2480 1155 2503 :

686 2522 916 2560 confortata
935 2520 1136 2570 gemitum,

739 2576 941 2613 Roborata
960 2574 1139 2611 debitum

738 2630 853 2667 Felix
873 2642 1013 2679 parens
1031 2627 1229 2664 terminat.

685 2684 788 2733 Ergo
808 2683 899 2720 festi
918 2683 1018 2719 hanc
1037 2681 1249 2718 auctricem

739 2737 876 2774 Lauda
895 2736 971 2773 Dei
990 2735 1239 2785 genetricem,

739 2792 845 2837 Sion,
868 2804 917 2827 ex
937 2789 1170 2839 praecordiis.

686 2845 882 2894 Quicquid
902 2844 1006 2880 dicas
1026 2843 1073 2880 de
1093 2842 1260 2892 benigna

740 2899 877 2935 Minus
896 2902 955 2934 est
974 2911 997 2934 a
1014 2896 1131 2933 laude
1150 2896 1268 2945 digna

741 2952 897 2989 Debitis
915 2950 1127 3000 praeconiis.

806 3020 822 3035 ¹¹
844 3017 1230 3049 Sarum—“Excessiva.'
