1979 3348
268 2984 286 3023 †
309 2984 414 3013 These
428 2983 518 3021 eight
531 2982 611 3012 linos
626 2991 678 3011 arc
694 2981 776 3010 from
792 2982 886 3010 MSS.
904 2981 927 3010 C
943 2981 1006 3009 and
1021 2981 1057 3009 F.
1103 2981 1195 3019 They
1204 2989 1256 3009 are
1268 2978 1397 3009 omitted
1408 2977 1441 3006 in
1455 2977 1509 3007 the
1523 2976 1650 3017 printed
1664 2976 1790 3006 cditiom

733 226 876 267 Missa
907 225 957 266 <Ze
987 223 1181 266 Nomine
1212 225 1333 266 Jesu.

698 337 824 374 Amat
843 335 1138 381 ferventissime,

754 394 878 427 Amat
897 389 1221 434 constantissime,

752 446 878 480 Amat
897 442 1130 489 fidelissime,

755 497 808 534 Et
827 510 916 534 suos
936 497 1024 533 vult
1038 497 1190 545 juvare.

700 551 858 588 Nomen
878 564 992 587 suum
1011 550 1104 587 fecit
1122 549 1212 595 tale,

753 605 815 642 Ut
834 605 886 641 sit
905 605 1055 641 cunctis
1074 603 1253 650 cordiale,

754 659 942 708 Capitale,
964 658 1190 707 principale,

754 713 956 749 Dilectum
976 725 1026 749 ex
1043 711 1206 748 intimis.

701 767 865 803 Habent
884 767 956 803 hoc
974 770 1126 803 naturae
1139 766 1243 814 jura,

754 820 816 857 Ut
836 824 1034 857 amantem
1052 824 1137 856 tota
1155 832 1248 856 cura

753 875 1003 920 Reamemus,
1024 873 1218 923 placitura

754 928 992 965 Praestantes
1012 941 1061 964 ex
1079 927 1230 964 animis.

699 983 728 1020 J
731 995 799 1019 esu
817 995 959 1018 nomen
979 995 1093 1018 omne
1111 982 1258 1017 bonum

754 1036 888 1083 Tenet,
912 1036 1064 1072 dulcem
1083 1036 1177 1071 facit
1196 1047 1347 1080 sonum,

752 1090 1005 1126 Promeretur
1025 1089 1138 1138 regni
1154 1088 1354 1135 thronum,

752 1143 952 1180 Auditum
971 1143 1156 1179 laetificat.

698 1197 750 1234 In
769 1197 842 1234 hoc
860 1197 964 1234 lucet
983 1196 1165 1246 splendor
1184 1196 1329 1242 Patris,

752 1251 804 1287 In
824 1251 896 1288 hoc
915 1254 1024 1300 patet
1043 1250 1158 1287 decor
1175 1250 1324 1294 matris,

751 1305 804 1341 In
823 1304 895 1341 hoc
913 1305 1038 1354 fulget
1057 1304 1182 1340 honor
1200 1303 1344 1350 fratris,

751 1358 852 1396 Haec
871 1359 1011 1395 fratres
1032 1358 1266 1407 magnificat.

698 1413 827 1462 Caput
841 1413 869 1450 J
873 1426 950 1459 esu,
973 1426 1048 1459 cor,
1070 1425 1191 1457 mens,
1214 1423 1363 1457 manus,

751 1467 921 1513 Vulnus,
944 1467 1053 1510 livor,
1075 1465 1231 1515 sanguis
1250 1466 1401 1514 planus,

750 1520 888 1567 Pedes,
911 1534 1064 1570 corpus,
1083 1521 1195 1569 vigor
1213 1532 1343 1566 sanus,

751 1575 950 1612 Parantur
968 1574 1203 1611 hominibus.

659 1633 681 1654 ³*
698 1629 797 1666 Haec
817 1633 1052 1678 torquentur
1071 1641 1183 1677 passa
1202 1627 1310 1673 dura,

753 1683 831 1719 His
851 1683 989 1719 laesura
1009 1687 1049 1719 et
1068 1686 1212 1719 natura

754 1737 1008 1786 Reparantur
1027 1737 1092 1785 pia
1111 1749 1215 1783 cura,

754 1791 939 1840 Purgatis
959 1790 1199 1826 criminibus.

700 1845 806 1893 Ergo
825 1846 858 1881 si
878 1844 965 1893 quis
984 1844 1082 1880 velit
1101 1843 1209 1889 scire,

753 1898 883 1943 Quare
903 1911 1046 1934 nomen
1065 1897 1092 1934 J
1096 1910 1162 1934 esu
1182 1896 1280 1933 mire

755 1952 867 1989 Facit
886 1953 1006 1988 bonos
1026 1951 1233 2000 concupire

756 2007 827 2043 Sui
846 2006 1131 2051 inhaerentiam,

699 2061 727 2098 J
731 2074 797 2097 esu
818 2059 979 2109 pulcher
997 2060 1039 2096 in
1059 2059 1207 2104 decore,

755 2114 915 2151 Summe
936 2114 1059 2150 bonus
1078 2113 1121 2149 in
1140 2112 1282 2157 valore,

752 2168 879 2214 Mitis,
901 2167 999 2204 lenis
1019 2180 1108 2204 cum
1128 2166 1296 2211 dulcore,

751 2222 906 2259 Pronus
925 2221 974 2258 ad
994 2220 1252 2257 clementiam.

697 2277 725 2314 J
729 2290 815 2313 esus
835 2281 894 2312 est
913 2289 983 2312 rex
1002 2288 1221 2324 generosus,

750 2331 777 2368 J
782 2344 869 2367 esus
888 2330 1014 2366 forma
1033 2329 1240 2378 speciosus,

714 2385 738 2424 †
750 2384 778 2422 J
781 2398 868 2421 esus
888 2384 1022 2432 lingua
1042 2383 1236 2432 gratiosus

752 2438 804 2475 Et
825 2437 1027 2474 mirandus
1047 2449 1172 2485 opere.

696 2493 725 2530 J
728 2505 815 2529 esus
835 2491 959 2537 fortis,
981 2491 1193 2536 animosus,

750 2546 777 2583 J
781 2559 868 2582 esus
888 2545 998 2594 pugil
1018 2544 1231 2593 vigorosus,

750 2600 778 2637 J
781 2613 869 2636 esus
890 2599 1003 2635 donis
1023 2598 1200 2646 copiosus

751 2654 805 2690 Et
824 2653 969 2703 gaudet
988 2652 1172 2688 tribuere.

695 2708 723 2745 J
727 2721 815 2745 esus
834 2708 897 2757 pie
916 2707 1143 2750 viscerosus‚

750 2762 778 2799 J
782 2775 870 2798 esus
889 2761 1028 2797 ductor
1047 2758 1304 2803 luminosus,†

663 2886 678 2902 *
702 2887 762 2916 His
777 2887 927 2916 foventur
942 2886 1028 2924 passi
1044 2887 1134 2923 dura,

702 2928 771 2955 Hoc
787 2927 901 2955 laesura
914 2929 946 2954 et
960 2926 1117 2962 nocitura,
1133 2922 1340 2955 &c--Illorek
