1979 3348
237 222 320 281 224
856 221 1046 264 Cauteloe
1075 222 1129 263 M
1130 222 1144 264 i
1147 237 1230 265 ssoe.

316 354 433 401 Item,
464 355 695 405 proferendo
733 357 852 392 verba
889 355 1188 393 consecrationis
1225 356 1326 393 circa
1364 358 1580 406 quamlibet
1617 359 1835 406 materiam,

235 409 412 446 sacerdos
431 422 583 459 semper
602 409 783 447 intendat
803 409 989 447 conficere
1007 409 1049 446 id
1068 409 1171 459 quod
1202 409 1381 447 Christus
1409 411 1586 449 instituit
1605 416 1644 449 et
1664 413 1836 450 Ecclesia

235 462 340 500 facit.

317 516 468 561 Quarta
486 521 556 563 est,
580 521 625 553 ut
645 517 679 553 si
698 517 829 566 plures
847 516 996 553 hostias
1023 516 1142 554 habet
1171 530 1402 565 consecrare,
1425 518 1540 556 debet
1558 518 1699 556 harum
1717 532 1837 557 unam

236 570 387 608 elevare
420 584 539 619 quam
569 571 644 607 sibi
678 571 937 620 deputaverat
955 584 978 607 a
997 571 1189 620 principio
1223 572 1272 608 ad
1305 572 1476 619 missam,
1499 576 1539 610 et
1565 577 1699 610 teneat
1728 573 1838 611 illam

235 637 353 674 penes
381 623 487 671 alias,
508 625 565 661 ita
593 625 697 673 quod
716 625 845 661 visum
876 629 916 661 et
945 625 1207 662 intentionem
1236 625 1287 662 ad
1315 639 1448 662 omnes
1479 626 1595 663 simul
1623 627 1777 677 dirigat,
1798 632 1839 664 et

236 678 424 727 signando
457 682 497 715 et
523 678 687 715 dicendo
724 679 808 716 IIoc
839 685 891 715 cst
919 679 1023 716 enim
1060 692 1198 728 corpus
1226 693 1365 726 meum,
1396 692 1529 717 omnes
1562 681 1705 730 cogitet
1742 694 1839 730 quas

236 732 489 768 demonstrat.

317 785 568 822 Consulimus
601 799 755 836 quoque
788 790 834 823 ut
868 786 1066 823 Canonem
1104 786 1308 836 presbyter
1344 788 1569 824 memoriter
1606 788 1713 834 sciat,
1747 789 1839 838 quia

236 839 417 876 devotius
437 839 604 887 dicitur3
632 854 783 890 semper
802 845 935 877 tamen
963 840 1063 877 liber
1090 841 1293 888 habeatur,
1316 845 1361 877 ut
1381 841 1430 878 ad
1458 842 1587 891 ipsum
1614 843 1841 880 memoriter

238 898 471 932 recurratur.

318 947 478 994 Quinta,
497 951 543 984 ut
564 948 656 985 dum
678 953 818 995 sumat,
835 961 1038 998 nunquam
1052 962 1132 985 uno
1151 948 1295 986 haustu
1315 949 1475 986 calicem
1493 953 1623 986 sumat
1637 962 1649 997 3
1678 954 1838 1000 propter

237 1001 430 1050 impetum
450 1002 577 1049 tussis,
601 1016 650 1039 ne
671 1003 872 1052 inopinate
892 1008 1068 1039 occurrat
1081 1016 1092 1050 3
1121 1003 1187 1039 sed
1216 1003 1275 1039 bis
1308 1003 1369 1040 vel
1402 1007 1464 1040 ter
1493 1007 1604 1040 caute
1633 1008 1773 1050 sumat,
1793 1008 1840 1040 ut

237 1055 561 1104 impedimentum
589 1069 668 1093 non
695 1056 847 1093 habeat.
919 1056 960 1093 Si
990 1069 1082 1093 vero
1115 1057 1247 1106 plures
1279 1056 1427 1094 hostias
1460 1057 1575 1094 (lebet
1608 1071 1770 1104 sumere,
1792 1061 1841 1094 ut

237 1109 392 1159 quando
429 1109 559 1146 hostia
595 1114 654 1147 est
691 1110 926 1156 renovanda,
964 1110 1091 1159 primo
1138 1114 1267 1147 sumat
1309 1124 1394 1148 eam
1441 1124 1559 1160 quam
1596 1111 1761 1149 confecit
1797 1115 1838 1148 et

237 1163 493 1213 sanguinem3
532 1168 619 1213 post
650 1164 732 1201 haec
762 1164 857 1201 alias
892 1177 977 1214 quae
1012 1168 1222 1213 supersunt
1235 1177 1246 1211 3
1283 1178 1393 1201 suam
1425 1165 1534 1214 prius
1564 1171 1694 1202 sumat
1722 1178 1840 1215 quam

237 1217 343 1262 alias,
364 1217 457 1266 quia
476 1217 524 1254 de
543 1218 622 1255 suis
642 1217 766 1255 credit
786 1221 826 1254 et
845 1218 929 1264 scit,
951 1217 998 1254 de
1017 1218 1104 1254 aliis
1124 1218 1248 1255 credit
1265 1223 1305 1256 et
1323 1218 1447 1256 nescit
1461 1232 1472 1265 3
1500 1219 1658 1256 demum
1677 1219 1840 1270 desuper

237 1270 467 1317 ablutiones,
490 1275 530 1308 et
549 1285 629 1308 non
649 1271 768 1321 prius.

320 1325 441 1362 Sexta
459 1329 529 1371 est,
551 1329 597 1362 ut
618 1338 829 1375 paucorum
857 1325 1082 1363 nominibus
1110 1338 1149 1362 se
1178 1325 1371 1376 astringat
1390 1326 1433 1362 in
1454 1325 1636 1373 Canone3
1665 1339 1735 1363 1100
1754 1339 1838 1376 per-

237 1382 367 1430 petuo,
388 1378 454 1415 sed
477 1379 665 1429 quamdiu
690 1379 798 1426 velit,
820 1379 938 1416 faciat
951 1392 961 1426 3
990 1379 1146 1429 quando
1166 1379 1274 1426 velit,
1297 1381 1480 1418 omittat:
1511 1381 1603 1430 quia
1630 1380 1765 1417 Canon
1793 1381 1841 1417 de

238 1433 495 1470 multitudine
537 1434 743 1470 nominum
789 1434 1011 1483 prolixatur
1024 1447 1034 1480 ;
1081 1437 1121 1471 et
1157 1447 1227 1483 per
1262 1434 1335 1471 hoc
1373 1434 1557 1483 cogitatio
1595 1434 1838 1472 distrahitur.

238 1487 416 1536 Dignum
444 1492 577 1525 tamen
606 1491 674 1535 est,
697 1492 743 1524 ut
770 1492 891 1537 pater,
912 1492 1050 1533 mater,
1079 1488 1211 1534 frater,
1242 1501 1360 1535 soror,
1391 1488 1449 1525 ibi
1477 1488 1714 1535 nominetur,
1735 1493 1774 1526 et
1807 1488 1841 1525 si

239 1542 304 1590 qui
334 1554 404 1590 pro
437 1545 611 1592 tempore
644 1542 976 1588 commendentur,
998 1545 1038 1578 et
1070 1542 1290 1591 specialiter
1319 1555 1390 1592 pro
1423 1542 1566 1592 quibus
1598 1542 1717 1580 missa
1748 1542 1841 1580 cele-

237 1595 385 1632 bratur.
444 1595 537 1632 Non
557 1600 692 1633 tamen
711 1595 768 1632 ibi
786 1596 855 1632 fiat
874 1595 1019 1633 vocalis
1039 1596 1236 1645 expressio
1256 1596 1324 1633 sed
1343 1596 1537 1634 mentalis.

320 1648 495 1699 Septima
523 1654 592 1696 est,
614 1655 661 1687 ut
687 1654 780 1687 ante
808 1651 967 1687 missam
999 1663 1079 1687 non
1104 1663 1146 1687 os
1179 1650 1241 1687 vel
1272 1650 1407 1687 dentes
1438 1650 1556 1698 lavet,
1585 1650 1654 1687 sed
1682 1655 1840 1688 tantum

236 1703 340 1740 labia
358 1704 544 1750 exterius,
567 1717 632 1741 ore
652 1704 792 1750 clauso,
815 1705 847 1741 si
866 1704 1017 1754 indiget
1030 1717 1041 1750 3
1069 1717 1119 1740 ne
1144 1703 1245 1741 forte
1273 1717 1383 1754 aquae
1411 1708 1569 1754 gustum
1599 1717 1689 1741 cum
1715 1704 1839 1741 saliva

237 1757 439 1795 immittat.
499 1757 594 1795 Post
631 1758 790 1795 missam
828 1758 947 1794 etiam
985 1762 1120 1795 caveat
1147 1758 1431 1795 exscreationes
1460 1762 1658 1808 quantum
1696 1762 1838 1808 potest,

237 1811 359 1848 donec
378 1811 588 1848 comederit
608 1816 648 1848 et
667 1811 812 1848 biberit
827 1825 838 1858 ς
866 1825 916 1849 110
934 1811 1035 1848 forte
1054 1812 1204 1861 aliquid
1223 1812 1328 1848 inter
1356 1812 1491 1849 dentes
1519 1812 1750 1849 remanserit
1768 1816 1839 1848 aut

239 1865 282 1902 111
310 1860 500 1902 faucibus*
517 1866 622 1915 quod
656 1866 893 1902 exscreando
927 1866 1142 1914 ejiceretur.
1204 1865 1392 1910 Quamvis
1423 1870 1555 1902 autem
1585 1865 1702 1903 missa
1731 1865 1844 1903 devo-

238 1919 387 1956 tissime
416 1919 467 1956 sit
496 1920 738 1966 celebranda,
760 1919 1101 1969 contemplationis
1129 1932 1243 1956 causa
1257 1933 1266 1965 3
1296 1923 1355 1956 est
1374 1924 1508 1956 tamen
1535 1919 1673 1957 modus
1699 1919 1843 1957 haben-

241 1973 324 2019 dus,
345 1986 394 2010 ne
414 1974 679 2023 protractione
701 1973 825 2010 nimia
843 1973 905 2010 vel
934 1973 1211 2010 acceleratione
1239 1974 1309 2010 fiat
1336 1973 1452 2010 homo
1480 1973 1677 2011 notabilis.
1734 1973 1842 2010 Nam

240 2027 467 2064 acceleratio
486 2028 641 2077 signum
661 2032 720 2064 est
739 2027 900 2064 incuriae
915 2041 924 2074 3
953 2027 1166 2077 protractio
1185 2031 1244 2064 est
1263 2027 1410 2064 occasio
1437 2027 1702 2064 detractionis.
1761 2027 1838 2065 Sed

239 2081 368 2118 medio
387 2081 608 2118 tutissimus
626 2081 711 2119 ibit.
771 2081 829 2118 Eo
849 2085 981 2118 autem
1009 2081 1151 2118 affectu
1170 2085 1228 2118 est
1248 2081 1432 2130 quaelibet
1460 2081 1577 2118 missa
1605 2081 1783 2118 habenda
1801 2085 1842 2118 et

240 2135 403 2172 dicenda
422 2148 445 2171 a
464 2148 696 2185 quocunque
714 2135 923 2181 sacerdote,
944 2135 1054 2185 quasi
1073 2135 1200 2184 prima
1220 2135 1374 2172 dicatur
1392 2138 1433 2172 et
1450 2148 1654 2184 nunquam
1673 2134 1840 2185 amplius

240 2189 292 2226 sit
312 2189 484 2226 dicenda.
543 2189 642 2226 Tam
660 2202 846 2239 magnum
867 2190 971 2226 enim
991 2190 1138 2226 donum
1157 2202 1309 2238 semper
1328 2189 1443 2226 debet
1462 2202 1542 2226 0880
1561 2201 1718 2226 novum.

322 2243 481 2280 Habeat
500 2243 633 2293 itaque
653 2243 827 2281 sacerdos
847 2243 1091 2292 diligentiam
1119 2243 1168 2280 ad
1196 2243 1489 2290 conficiendum,
1511 2242 1770 2280 reverentiam
1789 2242 1839 2280 ad

240 2297 492 2346 tangendum,
524 2302 563 2334 et
596 2297 843 2334 devotionem
876 2298 926 2334 ad
955 2297 1198 2334 sumendum.
1276 2297 1339 2333 Sic
1371 2296 1574 2334 sentiendo
1610 2301 1650 2334 et
1678 2296 1843 2346 agendo,

241 2351 356 2401 digne
375 2352 611 2388 tractabitur
629 2355 926 2399 sacramentum,
948 2351 1024 2388 rite
1038 2354 1248 2401 peragetur
1262 2350 1442 2398 officium,
1464 2355 1583 2401 atque
1609 2350 1783 2401 pericula
1801 2354 1842 2388 et

242 2404 422 2442 scandala
440 2406 708 2442 evitabuntur.

321 2458 426 2496 Item
445 2460 487 2496 in
508 2459 689 2496 Collectis
709 2459 882 2496 dicendis
912 2472 1062 2509 semper
1090 2459 1218 2508 impar
1244 2472 1431 2496 numerus
1450 2459 1687 2496 observetur.
1746 2457 1841 2496 Una

241 2516 401 2564 propter
412 2513 607 2550 unitatem
619 2513 801 2551 Deitatis.
843 2514 936 2550 Tres
952 2518 1111 2563 propter
1124 2513 1342 2550 trinitatem
1355 2525 1616 2562 personarum.
1657 2512 1842 2561 Quinque

240 2573 400 2619 propter
415 2567 775 2618 quinquepartitam
790 2567 1009 2618 passionem
1024 2567 1181 2605 Christi.
1223 2567 1383 2616 Septem
1401 2570 1559 2616 propter
1573 2566 1839 2616 septiformem

242 2620 405 2673 gratiam
428 2621 598 2671 Spiritus
618 2621 762 2658 Sancti.
823 2621 1095 2671 Septenarium
1116 2634 1322 2658 numerum
1342 2620 1525 2657 excedere
1544 2633 1623 2656 non
1640 2619 1743 2657 licet.

323 2674 438 2721 Item,
479 2676 788 2725 quandocunque
832 2675 955 2712 oratio
990 2675 1174 2724 dirigitur
1219 2675 1344 2711 solum
1390 2674 1439 2711 ad
1476 2674 1647 2720 Patrem,
1685 2673 1728 2710 in
1765 2673 1840 2710 fine

242 2729 395 2766 dicatur
413 2729 491 2766 Per
510 2729 726 2766 Dominum
755 2736 930 2766 nostrum
957 2729 1094 2766 ‚Iesum
1121 2728 1331 2766 Christum.
1391 2728 1433 2765 Si
1461 2740 1551 2764 vero
1580 2727 1764 2777 dirigitur
1790 2727 1840 2764 ad

242 2784 414 2830 Patrem,
437 2788 476 2820 et
495 2783 642 2820 mentio
662 2784 708 2819 fit
728 2783 821 2820 Filii
840 2783 881 2819 in
896 2784 990 2832 ipsa,
1012 2783 1053 2819 in
1072 2783 1148 2819 fine
1168 2782 1320 2819 dicatur
1342 2782 1418 2818 Per
1437 2782 1599 2818 eundem
1617 2780 1834 2818 Dominum

241 2843 417 2876 nostrum
435 2836 470 2872 J
468 2851 572 2874 esmn
589 2836 797 2875 Christum.
858 2837 900 2874 Si
914 2842 1044 2874 autem
1065 2836 1189 2873 oratio
1209 2836 1392 2885 dirigitur
1410 2835 1534 2872 solum
1550 2835 1598 2872 ad
1619 2834 1777 2881 Filium,
1798 2834 1840 2872 in

242 2892 319 2928 fine
339 2891 492 2928 dicatur
514 2891 590 2937 Qui
610 2904 696 2928 cum
715 2892 796 2928 Deo
816 2891 935 2927 Patre
954 2897 986 2928 et
1004 2891 1160 2940 Spiritu
1179 2890 1330 2927 Scmcto.
1379 2889 1432 2925 Et
1452 2889 1485 2925 si
1504 2889 1650 2926 mentio
1671 2889 1839 2938 Spiritus

244 2945 378 2983 Sancti
408 2946 449 2982 in
478 2957 708 2995 quacunque
741 2945 915 2982 oratione
945 2945 1023 2990 fiat,
1045 2944 1087 2981 in
1116 2944 1193 2981 fine
1219 2944 1383 2990 dicatur,
1412 2948 1445 2980 et
1475 2942 1642 2992 &fusilem
1670 2942 1845 2991 Spiritus

245 2998 378 3038 Sancti
397 2999 513 3037 Deus.
