1979 3348
265 267 345 307 136
736 265 800 307 In
820 265 869 307 N
866 263 982 308 atala
1000 263 1145 305 mlius
1165 264 1380 319 Apostoli.

342 376 560 425 Sequentia.

263 438 375 475 Clare
394 442 617 475 sanctorum
637 441 793 475 senatus
812 436 1087 486 apostolorum,
1107 436 1286 486 princeps
1299 437 1402 474 orbis
1422 442 1625 486 terrarum,
1648 441 1849 486 rectorque

423 505 644 540 regnorum,

263 545 523 582 Ecclesiarum
544 558 668 582 mores
688 548 726 582 et
746 544 870 581 vitam
889 544 1099 590 moderare,

264 599 360 644 Qum
379 613 448 648 per
469 600 686 636 doctrinam
707 602 815 634 tuam
830 598 962 634 fideles
978 602 1070 634 sunt
1089 598 1244 646 ubique.

262 654 486 690 Antiochus
502 658 542 690 et
562 653 710 689 Remus
725 652 943 689 concedunt
963 652 1046 697 tibi,
1071 652 1198 697 Petre,
1221 652 1331 701 regni
1350 652 1489 688 solium
1504 666 1514 699 3

264 707 528 753 Tyrannidem
549 711 606 752 tu,
629 706 762 751 Paule,
783 705 1095 742 Alexandrinam
1105 706 1296 742 ‘invasisti
1316 706 1517 743 Graeciam.

260 760 469 809 AEthiopes
488 760 675 805 horridos,
699 760 899 804 Matthaee,
920 758 1062 808 agnelli
1078 760 1232 806 vellere,

264 814 342 858 Qui
361 814 530 850 maculas
549 814 695 851 nesciat
714 814 876 862 aliquas,
897 813 1048 849 vestisti
1068 813 1241 850 candido.

263 868 422 913 Thoma‚
445 868 741 914 Bartholomaee,
757 867 783 904 J
787 867 968 911 ohannes,
990 867 1183 916 Philippe,
1208 867 1352 914 Simon,
1375 867 1403 904 J
1405 867 1591 917 acobique
1610 867 1762 916 pariles,

263 921 436 968 Andrea,
459 922 661 968 Thaddaee,
684 921 761 958 Dei
780 921 986 958 bellatores
1006 921 1155 970 inclyti,

264 976 327 1011 En
346 989 414 1012 vos
430 975 568 1021 oriens,
590 979 629 1012 et
648 975 833 1020 occidens,
855 975 974 1011 immo
1004 978 1104 1017 teres
1133 975 1270 1011 mundi
1299 975 1475 1022 circulus,
1497 988 1536 1012 se
1565 978 1694 1024 patres
1712 974 1853 1010 habere

423 1030 608 1079 gaudent,
630 1034 669 1066 et
689 1033 917 1078 exspectant
930 1028 1083 1077 judices
1097 1042 1107 1075 3

264 1083 317 1119 Et
344 1083 486 1120 idcirco
506 1083 676 1120 mundus
695 1084 819 1120 omnis
839 1083 972 1119 laudes
987 1083 1098 1119 vobis
1117 1086 1156 1119 et
1175 1082 1339 1119 honores
1358 1083 1502 1120 sanctis
1522 1083 1672 1119 debitos
1690 1081 1855 1131 supplex

425 1137 628 1186 impendit.

343 1206 388 1244 Si
407 1207 491 1255 inf)
493 1221 517 1243 a
545 1207 883 1256 Septuaqesimam.
945 1206 1116 1245 Tractus.
1177 1207 1255 1252 Qui
1275 1208 1479 1254 seminant,
1501 1207 1651 1256 require
1679 1207 1723 1244 in
1744 1207 1854 1244 Festo

266 1261 387 1298 unius
406 1261 579 1309 υἰ9·91ηῖ..ς

343 1322 566 1359 Secundam
585 1322 807 1359 <soliemnem
827 1322 906 1371 (πυ.
935 1323 981 1358 1
962 1323 1085 1372 7—16).

345 1376 396 1412 In
410 1376 478 1413 illo
493 1381 677 1425 tempor,e
696 1376 811 1412 Dixit
823 1376 851 1413 J
853 1390 940 1413 esus
954 1376 1152 1425 discipulis
1167 1376 1264 1423 suis·
1289 1377 1377 1413 Hoc
1390 1380 1448 1413 est
1460 1380 1696 1437 praeceptum
1711 1388 1852 1422 meum,

265 1434 312 1466 ut
344 1430 516 1479 diligatis
549 1430 716 1467 invicem
745 1444 863 1479 easque
895 1431 948 1467 acl
978 1431 1235 1479 quodcunque
1267 1431 1459 1480 petieritis
1494 1430 1538 1467 in
1569 1431 1726 1467 nomine
1754 1442 1852 1476 meo,

267 1484 333 1521 det
346 1484 466 1521 vobis.

343 1545 550 1594 Sequentia
568 1546 692 1583 sancti
719 1546 930 1594 Evanqelii.
987 1546 1208 1583 ,S‘ecnmlum
1228 1545 1375 1583 Lucam
1395 1545 1684 1596 (9196112430)

348 1600 398 1635 In
417 1600 484 1636 illo
504 1604 687 1649 tempore,
711 1599 831 1637 Facta
850 1604 908 1636 est
926 1600 1124 1636 contentio
1143 1600 1247 1636 inter
1266 1600 1472 1649 discipulos
1486 1600 1513 1637 J
1517 1613 1595 1646 esu,
1616 1600 1703 1648 quis
1722 1611 1856 1636 eorum

267 1654 466 1690 videretur
504 1667 584 1690 esse
617 1655 741 1703 major
772 1667 889 1702 usque
925 1654 977 1690 ad
1014 1658 1053 1690 et
1091 1654 1254 1691 sedeatis
1291 1668 1405 1703 super
1438 1654 1610 1701 thronos,
1635 1653 1856 1703 judicantes

270 1707 470 1744 duodecim
489 1708 615 1743 tribus
636 1707 767 1744 Israel.

347 1769 552 1817 Sequentia
572 1769 695 1806 sancti
715 1769 926 1817 Evcmyclii.
984 1768 1204 1806 *S'eczmclmn
1223 1770 1274 1805 M
1272 1770 1454 1806 aulaeum
1473 1768 1703 1819 (216-22)

349 1823 399 1859 In
419 1823 486 1859 1110
506 1828 689 1872 tempore,
708 1823 824 1859 Dixit
843 1823 871 1859 J
873 1836 959 1860 esus
979 1823 1177 1871 discipulis
1198 1824 1296 1869 suis3
1326 1824 1422 1860 Ecce
1443 1836 1512 1872 ego
1532 1824 1649 1859 mitto
1669 1836 1737 1859 vos
1756 1822 1857 1859 sicut

269 1889 360 1914 oves
379 1890 497 1925 usque
517 1878 569 1913 ad
589 1890 711 1926 usque
730 1877 773 1913 in
791 1877 919 1922 finem,
941 1877 1002 1914 hic
1023 1877 1151 1913 salvus
1171 1877 1256 1915 erit.

353 1938 605 1986 Ostia-corium.

350 1993 455 2028 Mihi
486 1997 617 2029 autem
647 1993 763 2028 nimis
793 1991 1040 2028 honorificati
1069 1996 1161 2028 sunt
1193 1992 1308 2028 amici
1340 1992 1410 2038 tui,
1448 1992 1556 2029 Deus
1573 2006 1581 2028 ε
1619 1992 1737 2028 11111118
1770 2004 1856 2028 0011-

269 2047 436 2083 fortatus
455 2050 514 2083 est
533 2046 774 2095 principatus
794 2059 935 2083 eorum.

349 2108 402 2145 In
423 2115 583 2157 tempore
602 2108 796 2155 Pasclaali,
817 2107 1013 2156 Alleluya.

354 2170 609 2219 Offizrtorium.

354 2225 576 2262 Constitues
614 2237 676 2261 eos
712 2223 904 2273 principes
943 2236 1057 2272 super
1098 2236 1251 2260 omnem
1288 2227 1459 2260 terram:
1507 2236 1695 2261 memores
1740 2227 1857 2260 erunt

271 2279 440 2316 nominis
468 2279 528 2315 tui
556 2279 598 2314 in
626 2278 732 2315 omni
759 2277 940 2327 progenie
968 2282 1007 2314 et
1035 2278 1294 2327 generatione.

355 2339 611 2388 Qffkrtorizwn.

354 2395 405 2430 In
425 2407 578 2430 omnem
597 2397 741 2431 terram
761 2392 887 2430 exivit
914 2405 1030 2430 sonus
1058 2405 1191 2429 eorum
1207 2407 1214 2430 :
1243 2397 1282 2430 et
1300 2393 1342 2429 in
1361 2393 1455 2429 fines
1483 2392 1586 2429 orbis
1605 2396 1718 2429 terrae
1737 2392 1856 2429 verba

276 2461 418 2486 eorum.

353 2510 510 2547 Secreta.

354 2563 593 2600 Sacrandum
625 2563 709 2609 tibi,
746 2563 927 2608 Domine,
961 2576 1103 2599 munus
1136 2563 1344 2609 offerimus,
1376 2576 1452 2611 quo
1484 2561 1591 2599 beati
1615 2561 1667 2600 N.
1689 2562 1856 2611 apostoli

274 2617 475 2654 sollemnia
494 2617 703 2654 recolentes
723 2617 1029 2666 purificationem
1050 2630 1201 2665 quoque
1221 2618 1363 2652 nostris
1378 2617 1575 2652 mentibus
1589 2615 1853 2665 imploramus.

275 2672 350 2708 Per
370 2671 583 2707 Dominum
603 2675 778 2707 nostrum
797 2671 824 2708 J
827 2684 935 2707 esum
951 2670 1160 2707 Christum.
1220 2670 1298 2715 Qui
1316 2677 1454 2707 tecum.

352 2733 622 2770 murinam-um
641 2733 905 2781 apostolorum.

352 2796 511 2833 Secreta.

353 2849 532 2895 Munera,
554 2848 733 2894 Domine,
757 2861 841 2898 quae
866 2860 937 2897 pro
965 2847 1225 2897 apostolorum
1253 2851 1411 2883 tuorum
1439 2847 1490 2883 N.
1514 2851 1553 2883 et
1572 2846 1616 2883 N
1616 2876 1638 2893 .,
1661 2847 1854 2884 sollemni-

272 2907 354 2940 tate
375 2902 580 2939 deferimus
608 2903 798 2951 propitius
825 2902 968 2950 respice
981 2914 991 2947 3
1020 2906 1060 2938 et
1087 2902 1188 2938 mala
1215 2901 1354 2949 onmia,
1375 2914 1460 2951 quae
1488 2914 1692 2949 meremur,
1712 2905 1852 2938 averte.

273 2956 349 2994 Per
368 2957 581 2993 Dominum
600 2960 776 2992 nostrum
795 2956 823 2992 J
825 2969 932 2992 esum
952 2955 1161 2992 Christum.

350 3009 547 3059 Praefatio.
606 3010 659 3047 Et
678 3014 730 3057 te,
753 3010 931 3056 Domine,
954 3009 1188 3058 suppliciter.
