1979 3348
689 235 830 278 Missa
856 250 941 291 pro
971 234 1139 277 Amico.
1622 235 1703 280 167

204 348 456 395 Qfferlore'um.

199 401 320 438 Stetit
348 401 507 449 angelus
539 401 658 449 juxta
694 413 801 436 aram
831 400 977 449 templi,
1013 399 1159 435 habens
1192 397 1442 434 thuribulum
1477 410 1638 434 aureum
1670 397 1712 433 in

120 467 239 491 manu
258 468 327 491 sua
345 468 352 490 :
381 459 420 491 et
440 454 530 490 data
550 458 643 490 sunt
669 455 705 490 ei
723 454 878 491 incensa
896 453 1044 490 inulta:
1074 457 1113 489 et
1140 452 1314 489 ascendit
1341 452 1473 488 fumus
1492 455 1711 487 aromatum

120 508 162 544 in
181 512 387 556 conspectu
407 507 493 554 Dei,
514 507 690 556 alleluya.

201 561 358 599 Secreta.

200 615 363 651 Hostias
390 614 475 661 tibi,
507 614 686 659 Domine,
716 613 843 650 laudis
883 613 1091 659 offerimus,
1121 612 1348 662 suppliciter
1375 611 1637 660 deprecantes,
1668 615 1714 647 ut

121 668 284 713 easdem,
305 668 477 717 angelico
505 681 574 717 pro
602 667 714 704 nobis
741 667 1028 704 interveniente
1056 667 1246 716 suffragio,
1269 670 1308 702 et
1335 666 1510 715 placatus
1537 664 1712 714 accipias,

123 726 162 758 et
181 722 230 759 ad
249 722 412 758 salutem
432 726 603 758 nostram
618 721 823 770 provenire
843 720 1034 757 concedas.
1093 720 1170 756 Per
1189 720 1415 756 Dominum.

206 774 447 813 Cornmmmio.

203 829 427 866 Benedicite
451 841 583 865 omnes
606 827 734 877 angeli
754 827 916 864 Domini
935 827 1106 864 Domino
1127 841 1134 864 ε
1164 826 1356 875 hymnum
1376 826 1504 871 dicite,
1525 829 1565 862 et
1588 838 1716 875 super-

125 882 294 920 exaltate
314 895 402 919 eum
420 882 460 918 in
482 881 629 919 saecula.

204 935 522 973 Postcommum‘o.

204 989 371 1038 Repleti,
407 988 586 1034 Domine,
622 988 891 1025 benedictione
924 987 1077 1034 caelesti,
1112 987 1341 1036 suppliciter
1373 986 1638 1036 imploramus,
1673 989 1719 1021 ut

127 1043 228 1093 quod
240 1042 370 1091 fragili
384 1042 621 1078 celebramus
634 1042 768 1088 officio,
782 1045 1004 1078 sanctorum
1018 1041 1242 1090 angelorum
1264 1047 1382 1090 atque
1398 1039 1717 1089 archangelorum

126 1096 376 1145 omniumque
396 1096 607 1132 caelestium
627 1096 838 1145 spirituum
857 1095 968 1131 nobis
988 1096 1166 1144 prodesse
1192 1095 1406 1132 sentiamus
1426 1094 1584 1131 auxilio.
1629 1093 1714 1129 Per.

713 1229 845 1267 M1ssA
874 1240 947 1266 PRO
976 1230 1128 1267 Amico.

209 1283 394 1331 Officiccm.

207 1337 234 1374 J
238 1342 346 1373 ustus
379 1350 429 1383 es,
459 1337 640 1383 Domine,
662 1341 700 1374 et
734 1341 884 1373 rectum
910 1337 1105 1386 judicium
1138 1341 1280 1373 tuum:
1311 1336 1371 1372 fac
1397 1349 1485 1372 cum
1513 1349 1623 1373 servo
1652 1340 1721 1372 tuo

127 1391 338 1428 secundum
353 1391 655 1427 misericordiam
675 1397 793 1428 tuam.

208 1445 396 1481 Psalnms.
456 1445 571 1481 Beati
589 1445 829 1481 immaculati
848 1445 890 1480 in
909 1444 974 1480 via
992 1458 999 1481 ε
1029 1444 1098 1493 qui
1116 1443 1319 1480 ambulant
1338 1443 1380 1479 in
1399 1443 1482 1493 lege
1503 1443 1674 1480 Domini.

212 1498 354 1535 Oratio.

210 1552 466 1601 Omnipotens
486 1552 718 1601 sempiterne
738 1552 855 1595 Deus,
876 1551 1057 1588 miserere
1075 1551 1221 1587 famulo
1249 1555 1318 1586 tuo
1347 1551 1413 1596 N„
1435 1555 1473 1587 et
1493 1550 1614 1599 dirige
1635 1563 1723 1587 eum

130 1605 339 1642 secundum
360 1610 469 1641 tuam
488 1605 734 1642 clementiam
754 1607 796 1642 in
814 1606 919 1641 viam
940 1605 1076 1642 salutis
1096 1609 1250 1641 aeternae
1267 1617 1278 1651 3
1306 1608 1352 1640 ut
1377 1609 1416 1641 te
1445 1605 1628 1651 donante,
1649 1604 1723 1640 tibi

131 1659 274 1708 placita
293 1659 435 1708 cupiat,
459 1664 498 1696 et
517 1663 601 1696 tota
619 1660 768 1696 virtute
787 1659 971 1708 perficiat.
1030 1658 1115 1695 Per.

210 1720 277 1756 Ad
295 1720 490 1757 Romanos
508 1720 611 1770 (viii.
632 1721 695 1767 26,
718 1720 802 1770 27).

210 1774 366 1811 Fratres
382 1789 388 1811 :
419 1774 588 1823 Spiritus
607 1775 768 1823 adjuvat
787 1774 1056 1810 infirmitatem
1070 1787 1188 1822 usque
1208 1774 1261 1810 (ιεί
1280 1773 1454 1823 postulat
1472 1786 1542 1822 pro
1562 1772 1683 1810 nobis.

212 1835 306 1872 Aliso
324 1836 499 1885 Epistola
516 1853 527 1874 .·
555 1836 621 1873 Ad
640 1836 800 1873 Galatas
819 1836 890 1886 (vi.
916 1837 948 1882 1,
972 1837 1030 1885 2).

213 1889 371 1927 Fratres
389 1905 397 1928 ε
427 1890 469 1927 Si
488 1894 777 1940 praeoccupatus
795 1903 914 1939 usque
932 1891 985 1926 ad
1004 1890 1052 1926 ad
1072 1889 1285 1939 implebitis
1304 1889 1427 1938 legem
1448 1889 1604 1925 Christi.

217 1951 394 1989 Graclale.
452 1952 612 1988 Salvum
630 1952 691 1988 fac
710 1965 865 1989 servum
884 1956 998 1988 tuum
1018 1965 1025 1988 τ
1055 1952 1163 1988 Deus
1182 1965 1302 1997 meus,
1321 1955 1541 2001 sperantem
1561 1951 1603 1987 in
1622 1955 1671 1987 te.

145 2006 181 2042 Γ.
212 2006 390 2042 Auribus
408 2006 561 2055 percipe
581 2006 796 2042 orationem
816 2019 950 2042 meam.

214 2059 410 2108 Alleluya.
476 2060 513 2097 V.
545 2059 606 2096 De
625 2059 829 2109 profundis
856 2059 1021 2096 clamavi
1040 2059 1089 2095 ad
1109 2063 1147 2095 te
1163 2059 1354 2095 Domine:
1386 2059 1567 2104 Domine,
1588 2057 1730 2094 exaudi

135 2126 269 2150 vocem
288 2127 423 2150 meam.

217 2167 436 2204 Secundum
455 2166 602 2203 Lucam
621 2166 693 2214 (xz.
718 2167 840 2216 9-13).

220 2221 270 2256 In
290 2220 357 2256 illo
377 2228 560 2269 tempore,
579 2220 695 2257 Dixit
709 2220 736 2257 J
740 2234 826 2257 esus
841 2220 1039 2269 discipulis
1058 2219 1137 2256 suis
1152 2234 1161 2266 j,
1191 2219 1321 2256 Petite
1336 2232 1454 2267 usque
1474 2220 1526 2256 (od
1542 2219 1732 2268 Spiritum

142 2275 285 2311 bonum
306 2275 529 2323 petentibus
549 2287 598 2310 se.

220 2327 442 2365 Secundum
462 2328 645 2364 illamam
664 2328 738 2376 (Δεῖ.
763 2328 915 2374 23-26).

222 2382 270 2417 In
290 2382 358 2417 illo
377 2386 560 2430 tempore,
584 2381 702 2418 Dixit
720 2382 747 2418 J
750 2394 836 2418 esus
862 2381 1062 2430 discipulis
1082 2381 1160 2418 suis
1176 2394 1186 2427 3
1216 2381 1360 2426 Amen,
1382 2381 1467 2417 dico
1487 2379 1609 2425 vobis,
1633 2380 1734 2425 Quiu-

143 2436 175 2471 ,εἰ
194 2435 281 2484 quis
301 2435 446 2471 dixerit
465 2435 556 2472 huic
576 2435 702 2472 monti
721 2449 838 2483 'usqae
859 2436 911 2472 (αἱ
930 2435 1072 2472 delicta
1091 2438 1230 2471 vestra.

227 2489 480 2536 Offertorium.

225 2543 389 2592 Sperent
416 2543 458 2579 in
487 2547 525 2579 te
545 2555 675 2579 omnes
695 2542 763 2591 qui
790 2547 984 2579 noverunt
1012 2555 1154 2579 nomen
1181 2546 1307 2588 tuum,
1328 2542 1523 2578 Domine:
1552 2541 1734 2591 quoniam

146 2610 224 2633 non
261 2596 495 2645 derelinquis
529 2601 745 2645 quaerentes
777 2601 839 2643 te;
882 2596 1037 2645 psallite
1066 2596 1236 2633 Domino
1268 2597 1336 2645 qui
1369 2596 1523 2632 habitat
1553 2596 1594 2632 in
1629 2595 1736 2639 Sion,

147 2650 331 2698 quoniam
350 2663 430 2686 non
449 2655 506 2687 est
525 2650 670 2686 oblitus
689 2650 904 2686 orationem
923 2650 1112 2699 pauperis.

227 2703 280 2740 In
301 2709 461 2752 tempore
479 2703 670 2749 Paselzfali,
692 2703 886 2753 Alleluya.

229 2757 386 2796 Secreta.

230 2810 425 2856 Proficiat,
446 2824 677 2860 quaesumus,
700 2811 877 2856 Domine,
899 2811 980 2847 haec
1008 2811 1152 2847 oblatio
1171 2824 1288 2860 quam
1306 2816 1384 2848 tuae
1405 2811 1595 2860 supplices
1614 2809 1738 2845 offeri-

152 2877 237 2900 mus
252 2864 458 2913 majestati,
478 2865 527 2901 ad
546 2865 712 2901 salutem
739 2865 878 2900 famuli
904 2865 976 2910 tui,
1000 2869 1046 2900 ut
1073 2869 1140 2901 tua
1160 2865 1408 2914 providentia
1427 2866 1511 2914 ejus
1530 2864 1614 2900 vita
1638 2863 1742 2899 inter

152 2917 311 2955 adversa
330 2922 369 2955 et
388 2931 571 2968 prospera
588 2919 734 2967 ubique
754 2918 955 2967 dirigatur.
1015 2918 1092 2954 Per
1111 2918 1337 2957 Dominum.

234 2970 289 3007 In
309 2977 468 3021 tempore
487 2972 681 3017 Paschaffi,
703 2972 899 3021 Alleluya,
921 2972 1100 3021 alleluya.
