1979 3348
218 250 306 299 204*
737 246 983 303 Sequentia>
1017 246 1291 291 Communes.

296 357 321 394 I
323 372 349 395 ιι
367 358 496 395 natali
507 359 775 407 plurimorum
794 365 1023 407 martyrum.
1081 358 1299 407 Sequentia.

375 411 474 449 Ecce
494 413 657 461 pulchra
676 426 861 449 canorum
881 415 1039 449 resonat
1058 425 1152 449 voce
1171 412 1370 462 Alleluya‚

374 466 572 503 Intimans
591 467 764 515 requiem
780 470 1004 503 sanctorum
1018 466 1218 515 inclytam.

338 518 359 536 ἃ
371 520 519 557 Felicia
537 521 704 557 nimium
728 520 955 570 angelorum
974 520 1142 556 rutilant
1161 518 1355 569 agmina,÷÷

374 573 525 621 Sancte,
545 575 697 619 Sancte,
719 575 870 621 Sancte,
895 574 1052 611 Christo
1072 578 1236 610 ovanter
1254 574 1575 623 proclamantia.†

370 628 538 664 Sublimi
566 628 608 664 in
633 628 817 664 cathedra
836 628 1099 677 apostolorum
1126 627 1263 673 sssedet
1282 627 1432 677 fulgida
1451 632 1607 665 caterva
1625 628 1752 665 tribus
1771 633 1812 665 et

480 682 634 731 linguas
647 683 663 731 j
670 681 907 730 udicantia.‡

373 734 536 772 Domini
564 736 730 785 vestigia
758 736 827 785 qui
854 736 977 772 secuti
1004 736 1045 772 in
1074 739 1179 772 terra
1207 739 1366 785 propter
1393 735 1465 773 hoc
1493 736 1673 782 emicant,
1703 735 1812 773 velut

480 790 591 826 stella
610 790 849 827 firmamenti
867 790 979 827 clara.

374 842 494 879 Stolis
514 844 689 880 candidis
708 849 927 895 martyrum
946 844 1190 881 adornantur
1204 843 1311 880 colla.

372 896 433 933 Hi
452 902 545 933 sunt
563 898 718 943 milites,
736 899 803 947 qui
823 899 962 935 mundi
976 898 1207 947 praeliarunt
1225 898 1337 934 bella.

373 950 537 988 Coronis
556 952 656 988 albis
676 958 914 989 coronantur
933 952 1072 997 sancti,

372 1005 450 1049 Qui
471 1007 701 1042 confitentes
721 1007 972 1043 crediderunt
985 1007 1105 1055 justa,

370 1059 434 1095 Ac
453 1059 528 1096 fide
544 1064 737 1096 certantes

372 1113 625 1161 Respuerunt
645 1127 757 1151 vana.

372 1166 495 1204 Modo
514 1167 662 1204 habent
682 1167 852 1204 caelestia
871 1180 1003 1216 regna,

371 1220 424 1258 In
444 1234 521 1269 qua
540 1222 790 1270 triumphant
808 1220 1040 1270 ghscentesss
1061 1221 1218 1270 optime,

371 1274 462 1311 Sive
482 1276 681 1312 canticant
699 1276 910 1325 psallentes
925 1275 1098 1312 carmina

369 1328 473 1365 Arte
496 1329 696 1376 laudiflua,

369 1381 481 1419 Voce
500 1383 734 1430 dulcimoda,

369 1436 473 1486 Regi
492 1437 650 1474 Christo
666 1437 945 1475 submittentes
964 1437 1072 1475 colla.

369 1490 549 1527 Multum
561 1490 738 1528 recitaris
751 1492 866 1528 laude
882 1493 1105 1542 spirituum,

368 1544 507 1594 Atque
530 1546 713 1594 jubilaris
728 1547 771 1583 in
791 1546 908 1583 choro
927 1546 1139 1596 virginum,

368 1598 567 1648 Alleluya.

368 1652 603 1690 Dulcimode

368 1706 424 1743 Te
439 1707 650 1744 decantant
668 1708 854 1757 pudicum
873 1708 1039 1758 agmina.

367 1760 474 1798 Laus
492 1761 567 1798 tibi
585 1763 648 1808 sit,
672 1762 839 1807 Christe,
860 1775 1011 1811 semper
1029 1775 1098 1812 per
1117 1762 1259 1808 omnia,

369 1814 450 1859 Qui
469 1815 676 1865 opitularis
695 1821 880 1853 canentes
898 1817 995 1853 talia

367 1868 477 1906 Voce
497 1870 669 1918 pulchra.

368 1922 561 1973 Alleluya

368 1976 422 2013 Et
441 1990 511 2014 nos
531 1978 606 2014 tibi
624 1977 909 2027 proclamemus
928 1992 1007 2015 una
1024 1993 1031 2015 :

366 2030 431 2067 Da
449 2032 561 2068 nobis
581 2036 728 2069 aeterna
748 2045 867 2082 regna
886 2032 1037 2079 florida,

366 2084 417 2123 In
438 2098 515 2134 qua
534 2086 609 2124 tibi
628 2090 830 2123 cantemus
850 2100 983 2124 omnes
1006 2086 1202 2134 Alleluya.

290 2149 345 2187 In
363 2151 492 2188 natali
510 2151 634 2188 unius
653 2151 879 2200 cooffessore's
898 2158 931 2188 et
943 2152 1154 2201 pontificis.
1213 2151 1431 2201 Sequentia.

365 2205 495 2242 Adest
513 2206 626 2242 nobis
645 2206 727 2242 dies
745 2206 849 2242 alma
869 2210 909 2242 et
928 2220 1068 2256 magno
1087 2207 1231 2256 gaudio
1251 2207 1377 2256 plena,

365 2259 418 2296 In
437 2273 515 2308 qua
529 2264 663 2296 sancta
679 2260 764 2297 Deo
783 2264 896 2309 grata
915 2261 1132 2310 congaudet
1152 2260 1325 2297 Ecclesia
1340 2274 1351 2308 3

365 2313 499 2350 Hodie
517 2314 679 2350 caelestis
699 2314 856 2351 laetetur
874 2319 1017 2360 turma,
1039 2328 1125 2365 quae
1143 2315 1308 2364 gloriam
1320 2317 1454 2352 cantat
1471 2313 1514 2350 in
1533 2310 1695 2350 excelsis
1715 2324 1808 2348 voce

472 2368 673 2405 dulcisona
692 2382 781 2405 cum
796 2368 1036 2418 symphonia.

364 2420 499 2459 Hodie
526 2422 704 2471 polorum
732 2427 867 2460 sancta
885 2423 1042 2472 agmina
1069 2423 1292 2461 collaudant
1320 2435 1449 2473 regem
1478 2421 1607 2458 Deum
1626 2423 1802 2457 nostrum

471 2480 607 2512 natum
630 2490 678 2513 ex
698 2477 851 2526 virgine
870 2483 1005 2514 sancta
1021 2477 1160 2514 Maria.

363 2529 466 2576 Ave,
487 2530 634 2579 inclyte
654 2531 859 2577 confessor,
881 2531 925 2567 N
925 2561 949 2578 .‚
969 2531 1040 2568 flos
1059 2531 1346 2581 pulcherrime,

364 2583 424 2620 Tu
443 2583 610 2634 vestigia
631 2584 780 2621 Christi
798 2589 955 2622 secutus
969 2599 1009 2622 es
1028 2589 1161 2623 mente
1181 2585 1347 2632 devota3

362 2637 525 2674 AEterni
543 2638 645 2687 regis
664 2639 827 2688 adeptus
847 2653 887 2676 es
905 2653 1024 2688 regna
1039 2652 1050 2686 3

364 2691 393 2728 J
394 2704 458 2728 am
477 2693 687 2741 gratularis
706 2693 747 2729 in
767 2693 882 2730 domo
897 2706 1075 2743 superna,
1097 2693 1298 2742 possidens
1318 2692 1426 2729 sedes
1441 2690 1562 2728 almas
1581 2704 1589 2727 τ

365 2744 492 2790 Quem
511 2746 755 2794 postulamus
774 2751 814 2784 et
832 2748 1026 2797 poscimus
1045 2761 1135 2794 una,

363 2799 573 2848 Adjuvent
592 2804 661 2836 tua
680 2805 815 2838 sancta
833 2802 1019 2852 suffragia
1037 2802 1215 2851 fragilem
1230 2801 1354 2838 vitam
1374 2802 1550 2836 nostram
1566 2812 1574 2844 3

365 2853 400 2890 O
421 2854 543 2900 beate,
562 2853 595 2890 Ο
615 2860 748 2891 sancte
768 2855 834 2903 N„
850 2856 952 2905 juva
971 2859 1168 2893 catervam
1187 2856 1298 2892 hanc.

282 2944 297 2959 ἣ
320 2941 389 2970 MS.
407 2940 565 2969 C—Felix
580 2942 643 2969 stat
657 2940 791 2970 nimium
805 2942 991 2977 angelorum
1005 2942 1139 2971 rutilans
1153 2944 1286 2971 caterva.
1388 2940 1405 2978 ἦ·
1427 2940 1459 2968 M
1465 2941 1494 2967 S.
1513 2938 1758 2976 C-proclamat,

281 2985 298 3021 ζ
322 2980 502 3010 EtL——Sede
515 2980 639 3016 fulgida
652 2980 735 3019 lamp
737 2981 795 3010 ada
808 2981 911 3010 tribus
925 2983 957 3010 et
970 2981 1098 3018 linguas
1112 2980 1291 3018 judicantia.

282 3023 299 3061 ξ
322 3022 366 3052 So
380 3021 458 3050 Edd.
475 3019 537 3049 and
551 3019 646 3049 MSS.
691 2992 804 3050 Sarum
815 3021 877 3049 and
892 3021 1105 3050 Herefor“d-—
1116 3020 1282 3049 dieentesfi
