1979 3348
754 192 881 236 Festa
913 192 1121 247 Aufflcsti.
1675 198 1724 238 91

235 303 483 350 Offcrtorium.
542 302 591 339 In
611 315 764 340 omnem
783 306 936 340 terram.

225 355 383 394 Secreta.

227 409 340 446 Beati
377 408 540 458 apostoli
581 410 641 445 tui
679 409 965 456 Bartholomaei,
1010 409 1189 455 Domine,
1227 409 1429 446 sollemnia
1474 414 1726 455 recensentes,

146 474 374 511 quaesumus,
396 466 442 498 ut
460 462 608 498 auxilio
634 463 717 512 ejus
740 467 810 500 tua
833 463 1018 500 beneficia.
1046 463 1251 512 capiamus,
1273 476 1342 512 pro
1373 476 1449 512 quo
1480 464 1553 499 tibi
1583 463 1728 500 hostias

145 515 270 552 laudis
289 516 493 553 offerimus,
552 516 637 553 Per.

223 568 317 605 Alia
335 569 493 606 Secreta.

225 622 375 668 Oblata,
399 623 578 669 Domine,
599 635 760 659 munera
778 622 901 659 fidelis
919 622 1053 672 populi
1074 622 1224 659 meritis
1249 623 1462 660 beatissimi
1486 623 1642 672 patroni
1667 623 1727 659 sui

144 675 327 712 Audoeni
346 676 419 712 tibi
445 676 656 712 reddantur
680 679 845 725 accepta,
873 680 918 712 ut
943 677 992 712 ab
1023 676 1129 713 omni
1158 677 1384 725 contagione
1414 677 1561 726 peccati
1591 676 1727 713 iisdem

142 729 282 777 quibus
300 729 534 766 famulamur
553 729 745 778 mysteriis
764 729 973 766 clementer
991 730 1193 766 emundari
1212 743 1437 767 mereamur.
1508 730 1592 767 Per.

224 781 462 821 Communia
520 783 604 820 Vos
632 783 700 832 qui
727 783 858 820 secuti.

222 835 537 873 Postcowmnunio.

222 888 474 938 Sumpsimus,
494 889 672 936 Domine,
689 889 828 939 pignus
844 889 979 926 salutis
999 893 1152 926 aeternae
1167 889 1403 927 celebrantes
1422 890 1527 927 beati
1546 889 1725 926 Barthol-

141 942 252 978 omaei
287 943 451 992 apostoli
490 942 551 980 tui
583 944 717 980 votiva
749 943 958 988 sollemnia,
992 947 1030 980 et
1067 948 1255 993 perpetua
1291 945 1430 981 merita
1462 942 1727 980 venerantes*

142 995 218 1032 Per
246 995 470 1033 Dominum.

220 1048 315 1086 Alica
342 1050 658 1088 Postcommmzio.

220 1102 367 1139 Mensae
395 1103 556 1140 caelestis
583 1103 879 1152 participatione
907 1103 1088 1153 vegetati,
1114 1104 1304 1153 supplices
1328 1108 1368 1141 te
1393 1117 1583 1153 rogamus,
1606 1104 1727 1140 omni-

138 1158 275 1204 potens
304 1156 421 1203 Deus,
443 1160 488 1193 ut
512 1157 612 1194 sicut
640 1157 686 1194 de
714 1157 818 1193 beati
850 1157 1036 1193 Audoeni
1065 1162 1252 1206 perpetua
1285 1158 1564 1207 glorificatione
1597 1171 1727 1194 annua

139 1209 361 1247 celebritate
380 1211 600 1260 gaudemus,
621 1211 677 1247 ita
696 1211 817 1260 ipsius
836 1211 939 1260 apud
957 1214 997 1247 te
1016 1210 1292 1248 intercessione
1311 1212 1360 1248 ab
1380 1212 1487 1248 omni
1507 1224 1727 1248 mereamur

139 1263 371 1301 adversitate
391 1264 555 1301 defendi.
614 1264 699 1301 Per.

431 1400 599 1438 SANCTAE
627 1400 789 1447 H1LDAE,
820 1411 1007 1437 VIRGINIS.
1068 1400 1164 1450 (viii.
1189 1400 1281 1438 Kal.
1306 1400 1430 1451 Sept.)

225 1490 405 1538 Officium.
464 1491 660 1527 Dilexisti.

224 1543 365 1581 Oratio.
424 1544 679 1593 Omnipotens
699 1544 942 1593 sempiterne.

219 1595 408 1648 [Concede
422 1610 502 1644 nos,
520 1610 752 1646 quaesumus,
769 1597 1014 1646 omnipotens
1031 1597 1150 1642 Deus,
1167 1601 1213 1633 ut
1228 1597 1296 1646 qui
1311 1597 1581 1634 translationis
1600 1598 1722 1634 beatae

136 1650 269 1687 Hildae
297 1650 461 1700 virginis
493 1655 571 1687 tuae
608 1664 739 1687 annua
766 1651 1028 1687 sollemnitate
1056 1651 1245 1697 laetamur,
1277 1651 1362 1700 ipsa
1394 1651 1672 1698 intercedente,
1702 1665 1724 1688 a

134 1707 330 1741 vetustate
348 1704 391 1740 in
410 1705 626 1741 novitatem
646 1704 739 1741 vitae
758 1704 1048 1742 transferamur.
1107 1704 1184 1741 Per
1204 1704 1575 1742 Dominum.—MS.
1598 1704 1668 1756 A.]

214 1757 400 1807 Epistola.
460 1758 539 1803 Qui
557 1758 756 1807 gloriatur.

217 1810 390 1849 Gradale.
450 1811 649 1849 Dilexisti.

214 1864 410 1914 Alleluya.
477 1865 514 1903 V.
546 1866 739 1902 AEmulor.

215 1918 480 1967 E'vcmyelium.
539 1919 673 1956 Simile
693 1922 751 1955 est
770 1932 933 1969 regnum
952 1919 1132 1956 caelorum
1152 1919 1283 1956 decem
1303 1919 1532 1969 virginibus.

222 1972 472 2019 Offertorium.
532 1972 642 2009 Filiae
661 1986 807 2023 regum.

214 2024 372 2062 Secreta.

215 2076 396 2130 [Hostias
417 2079 500 2126 tibi,
524 2079 705 2126 Domine,
726 2080 933 2116 deferimus
952 2079 1219 2124 immolandas,
1242 2092 1328 2128 quae
1347 2093 1416 2128 per
1437 2080 1579 2116 merita
1598 2080 1721 2116 beatae

135 2132 298 2182 virginis
341 2133 474 2169 Hildae
516 2146 587 2170 nos
634 2137 712 2170 tuae
758 2133 1030 2170 misericordiae
1073 2133 1342 2169 reconciliatos
1384 2133 1553 2170 hostiam
1591 2133 1722 2170 vivam

133 2185 284 2235 tibique
302 2186 518 2235 placentem
538 2187 714 2223 efficiant.
773 2186 850 2223 Per
869 2186 1240 2223 Dominum—MS.
1263 2185 1334 2237 A.]

215 2239 454 2277 Comwmmz'o.
514 2240 697 2289 Quinque
716 2240 937 2290 prudentes.

213 2293 530 2331 Postcommum’o.

215 2344 405 2398 [Caelestis
425 2347 595 2384 convivii
623 2347 890 2384 benedictione
918 2351 1099 2396 percepta
1117 2350 1167 2392 te,
1188 2346 1369 2393 Domine,
1392 2347 1654 2396 deprecamur,
1676 2351 1722 2383 ut

134 2400 237 2449 quod
256 2401 368 2438 nobis
396 2405 454 2438 est
481 2405 778 2448 sacramentum,
799 2401 1064 2438 intercedente
1084 2401 1198 2437 beata
1217 2400 1370 2451 virgine
1390 2401 1525 2448 Hilda,
1547 2401 1721 2438 conferat

134 2453 271 2492 salutis
290 2455 480 2493 effectum.
539 2454 615 2492 Per
634 2455 1003 2492 Dominum—MS.
1026 2452 1097 2506 A.]

461 2598 609 2636 SANCTI
638 2598 759 2644 RUFI,
790 2607 1002 2634 MARTYRIS.
1063 2596 1128 2647 (vi.
1152 2595 1244 2633 Kal.
1266 2596 1392 2647 Sept.)

219 2689 398 2751 Officium.
456 2690 484 2727 J
488 2693 599 2727 ustus
617 2693 664 2726 ut
682 2689 812 2740 palma
831 2688 995 2725 florebit.

212 2743 375 2844 qucelsztzi,
409 2797 590 2844 Domine,
625 2796 975 2847 supplicationibus
1007 2795 1161 2842 nostris,
1197 2799 1243 2832 ut
1275 2796 1381 2833 beati
1414 2796 1508 2833 Rufi
1538 2796 1718 2833 interces-

210 2899 228 2914 ἦ
249 2898 292 2928 So
306 2899 363 2928 MS
370 2899 400 2929 S.
416 2900 443 2929 S:
457 2899 535 2929 Edd.
579 2899 648 2929 The
663 2898 818 2929 Hereford
832 2898 945 2928 Missal
958 2899 1035 2927 adds
1049 2898 1101 2927 the
1116 2898 1221 2927 words
1237 2901 1256 2916 ‘⁶
1269 2908 1460 2936 quaesumus,
1475 2901 1509 2928 ut
1530 2898 1621 2928 nobis
1642 2906 1716 2935 pro-

135 2936 222 2967 ficiat
236 2938 276 2966 ad
290 2938 447 2968 saluten1.”
