1979 3348
675 236 984 292 Comparative
1017 235 1250 278 Calendar.

865 410 995 452 MAI
1010 411 1048 452 I.

700 584 851 622 SARUM.
1127 585 1262 621 YORK.

374 660 464 697 Kal.
522 660 587 698 SS.
599 660 773 710 Philippi
780 665 819 698 eb
831 660 859 698 J
861 661 971 697 acobi
1164 660 1215 696 id.

267 712 343 749 VI.
362 712 465 750 Non.

295 766 345 803 V.
364 767 466 804 Non.
523 767 707 804 Invenbio
728 767 764 804 S.
788 768 923 804 Crucis
949 797 955 803 .
1161 768 1212 803 id.

524 821 589 858 SS.
647 820 863 857 Alexandri
900 825 940 857 et

563 874 963 912 EventiietTheoduli
1162 875 1212 911 «id.

264 927 341 964 IV.
361 928 465 965 Non.

260 981 341 1017 III.
360 981 462 1019 Non.

284 1034 342 1071 II.
360 1035 461 1072 Non.
521 1035 593 1073 S.J
597 1036 771 1082 ohannis,
781 1040 976 1085 anteport.

559 1089 645 1128 Lat.
707 1119 714 1126 .
826 1118 834 1126 .
947 1119 954 1126 .
1159 1090 1211 1126 id.

361 1142 464 1181 Non.
524 1143 560 1180 S.
582 1143 778 1180 Johannis
792 1143 840 1180 de
855 1143 951 1180 Bev-

559 1197 682 1234 erlaco
703 1226 710 1234 .
944 1227 951 1233 .
1157 1197 1209 1233 id.

218 1249 340 1286 VIII.
404 1250 465 1287 Id.

240 1303 336 1339 VII.
402 1304 460 1340 Id.
517 1305 650 1341 Trans.
674 1306 710 1341 S.
734 1305 890 1341 Nicolai

264 1358 337 1394 VI.
402 1358 460 1394 Id.
520 1359 584 1395 SS.
610 1358 799 1395 Gordiani
819 1363 859 1395 eb
880 1358 969 1408 Epi-

584 1412 712 1449 machi
942 1443 949 1450 .
1155 1411 1206 1449 id.

288 1465 340 1501 V.
404 1466 460 1502 Id.
1198 1496 1205 1502 .

263 1572 338 1609 IV.
401 1573 459 1609 Id.
520 1573 584 1610 SS.
606 1573 738 1619 Nerei,
761 1573 946 1619 Achillei,

579 1631 619 1663 et
644 1627 842 1664 Pancratii
1155 1627 1204 1663 id.

258 1680 336 1716 III.
402 1680 460 1716 Id.

284 1734 339 1770 II.
403 1734 461 1770 Id.

400 1788 458 1824 Id.
515 1789 648 1825 Trans.
672 1789 706 1825 S.
732 1787 895 1826 ceddae*-

199 1841 341 1879 XVII.
366 1841 495 1878 Kal]
499 1855 562 1878 un.

216 1895 337 1931 XVI.
362 1895 452 1932 Kal.

246 1948 340 1985 XV.
364 1949 456 1986 Kal.

220 2002 337 2039 XIV.
363 2003 454 2039 Kal.

218 2110 340 2146 XIII.
364 2111 457 2147 Kal.

244 2164 342 2201 XII.
368 2164 459 2202 Kal.

264 2217 339 2253 XI.
364 2218 455 2254 Kal.

288 2271 339 2307 X.
364 2272 456 2308 Kal.

264 2325 340 2362 IX.
364 2325 457 2362 Kal.

578 2058 765 2095 uentianae

514 2005 549 2039 S.
574 2004 786 2050 Dunstani,
808 2005 844 2041 S.
872 2003 942 2039 Po-

218 2379 339 2417 VIII.
363 2379 455 2416 Kal.
514 2379 944 2426 S.Aldelmi,S.Urbani

240 2486 338 2523 VII.
362 2487 455 2524 Kal.
514 2487 550 2524 S.
589 2487 817 2537 Augustini,
851 2488 936 2524 An-

261 2594 334 2632 VI.
358 2594 450 2631 Kal.

582 2541 731 2591 giorum
753 2546 875 2591 apost.

281 2702 332 2738 V.
356 2702 446 2739 Kal.
507 2703 951 2740 SGermaniParisienS.

261 2755 335 2792 IV.
358 2755 451 2792 Kal.

255 2808 334 2846 III.
358 2809 450 2848 Kal.

274 2862 330 2901 II.
355 2863 446 2901 Kal.
504 2864 540 2902 S.
565 2863 791 2901 Pebronillae

225 2947 240 2961 ³
262 2947 348 2976 Nota
373 2948 456 2985 quod
487 2949 619 2977 Festum
653 2949 887 2979 Translationis

144 2986 292 3023 proxima
305 2990 376 3015 ante
393 2988 526 3017 Aseensi
529 2998 619 3017 nnnnn
634 2988 661 3016 D
666 2998 773 3017 111111

1053 2004 1087 2041 S.
1112 2004 1312 2041 Dunstani
1332 2034 1338 2040 .

1081 2381 1117 2417 S.
1141 2380 1298 2417 Urbani
1355 2411 1363 2418 .

1021 2488 1056 2525 S.
1071 2488 1300 2538 Augustini,
1318 2488 1353 2525 S.

1107 2542 1223 2580 Bedae

1158 2704 1210 2741 id.

1140 2866 1193 2902 id.

1677 238 1728 277 26
1735 237 1758 275 3

1456 583 1498 620 H
1503 594 1698 620 EREFORD.

1461 687 1469 696 .
1541 659 1592 697 id.

1459 796 1466 804 .
1538 767 1590 803 id.

1458 903 1465 910 .
1537 874 1589 910 id.

1457 1119 1464 1127 .
1536 1089 1587 1125 id.

1455 1226 1462 1233 .
1534 1196 1586 1233 id.

1454 1441 1461 1449 .
1533 1411 1585 1448 id.

1429 1465 1633 1502 Dedicatio
1681 1466 1750 1502 Ec-

1429 1519 1552 1556 clesiae
1561 1519 1745 1557 Herford.

1452 1656 1460 1663 .
1531 1627 1583 1663 id.

1427 2004 1461 2040 S.
1487 2004 1687 2040 Dunstani

1421 2112 1456 2147 S.
1482 2111 1703 2148 Ethelberti

1423 2380 1458 2418 S.
1491 2381 1678 2426 Aldelmi,
1704 2381 1740 2418 S.

1476 2434 1634 2471 Urbani

1422 2489 1457 2525 S.
1480 2488 1698 2538 Augustini

1357 2625 1365 2633 .
1424 2596 1507 2633 Octa.
1532 2596 1568 2632 S.
1592 2596 1724 2632 Ethel-

1496 2650 1598 2686 berbi

1441 2894 1449 2902 .
1520 2866 1572 2901 id.

920 2950 952 2980 S.
985 2950 1098 2979 Ceddae
1122 2959 1245 2988 semper
1273 2950 1365 2979 debet
1394 2950 1545 2979 celebrasi
1574 2949 1738 2977 Donunica
