1979 3348
236 268 297 294 xx
932 253 1119 309 Prefltce.

236 364 283 401 de
302 376 346 400 eo
361 368 532 410 canetur,
548 369 617 401 aut
632 378 716 413 quae
733 365 814 413 ejus
829 364 965 413 hymni
980 378 1072 401 vera
1086 364 1289 401 sententia.
1327 364 1495 401 Proinde
1509 377 1589 411 vos,
1605 363 1815 413 Anglicani

235 422 498 467 praeceptores,
520 418 562 454 in
594 418 730 467 primis
762 418 877 455 laudo
915 418 982 467 qui
1014 432 1093 454 non
1124 418 1175 454 sic
1208 418 1341 454 literas
1374 418 1510 465 colitis,
1544 422 1590 455 ut
1618 417 1817 466 religionis

235 471 519 508 obliviscamini
533 485 542 517 3
563 486 639 521 quo
659 472 759 508 circa
776 476 822 508 ut
840 472 979 508 vestris
998 472 1136 508 studiis
1156 471 1333 520 opitulor,
1354 472 1403 507 ad
1422 472 1655 520 hymnorum
1671 470 1817 519 exposi-

236 525 382 562 tionem
418 538 497 561 nou
529 526 628 561 nihil
666 526 841 562 cultioris
877 526 1090 562 literaturae
1127 525 1291 573 adjicere
1329 526 1523 563 constitui.
1594 524 1736 561 Valete
1769 536 1817 559 ex

235 578 387 615 officina
419 583 551 615 nostra
586 579 845 615 Parrhisiensi
883 579 932 616 ad
971 579 1136 616 decimas
1174 579 1361 620 kalendas
1396 578 1573 623 Martias,
1610 591 1711 615 anno
1748 589 1817 626 pro

237 632 384 669 calculo
403 632 582 669 Romano
603 632 878 671 MCCCCCII.

318 749 534 805 Colophon
555 751 619 792 for
640 751 713 792 the
736 756 761 773 “
775 751 997 806 Expositio
1018 751 1292 806 Hymnorum
1306 751 1332 768 ''
1363 775 1418 779 —

317 842 451 879 Habes
470 844 590 880 lector
609 844 902 892 explanationes
921 844 1155 892 hymnorum
1175 844 1381 893 diligenter
1400 846 1606 892 castlgatas
1622 845 1660 878 et
1675 844 1816 878 auctas.

236 895 448 944 Impressas
481 897 717 946 Rothomagi
744 911 813 946 per
846 897 1081 946 Magistrum
1114 897 1277 934 Petrum
1309 897 1466 934 Violete
1494 896 1626 933 eadem
1652 895 1695 931 in
1724 894 1819 931 urbe

236 954 547 987 commorantem.
588 951 782 999 Inipensis
798 950 989 987 Guerardi
1003 951 1219 997 Wansf0rt‚
1236 951 1454 1000 bibliopolae
1469 951 1512 986 in
1526 949 1685 986 civitate
1701 949 1816 985 Ebor.

236 1015 383 1039 moram
402 1005 581 1052 gerentis.
639 1007 759 1041 Anno
786 1005 948 1041 Domini
976 1004 1305 1052 MCOOCCVII„
1328 1004 1575 1053 quindecima
1603 1003 1664 1040 die
1691 1003 1719 1040 «Τ
1723 1001 1816 1038 111111.

239 1056 322 1093 Deo
341 1057 420 1094 sint
438 1058 583 1107 gratiae.
641 1059 783 1096 Amen.

317 1171 427 1212 Title
448 1176 491 1213 to
512 1172 585 1212 the
607 1176 632 1193 “
646 1171 868 1227 Expositio
890 1172 1219 1228 Sequentiarum
1233 1173 1258 1191 '⁹
1289 1197 1345 1202 —

316 1266 521 1315 Expositio
541 1266 841 1314 Sequenti-arum
861 1267 982 1303 totius
1002 1266 1096 1303 anni
1115 1267 1321 1316 diligenter
1339 1267 1538 1316 recognita
1557 1271 1595 1303 et
1614 1269 1738 1304 aucta.

314 1347 486 1383 Jodocus
507 1347 653 1383 Badius
676 1347 888 1384 Ascensius
917 1348 1098 1385 studiosae
1126 1352 1165 1385 et
1193 1362 1345 1385 morum
1373 1349 1623 1386 honestorum
1643 1352 1682 1385 et
1700 1348 1823 1384 litter-

394 1414 505 1436 arum
525 1405 747 1437 sanctarum
765 1402 994 1450 Anglicanae
1013 1402 1108 1450 pubi
1126 1402 1300 1439 salutem.

315 1481 461 1528 Laudo,
493 1482 755 1519 adolescentes
783 1483 933 1532 optimi,
962 1484 1077 1520 laudo
1106 1484 1335 1520 institutum
1362 1488 1537 1521 vestrum
1565 1485 1632 1533 qui
1655 1484 1823 1521 libenter

235 1539 386 1572 sanctas
414 1536 544 1584 legitis
563 1540 602 1573 et
622 1537 771 1573 discitis
790 1537 950 1573 litteras.
1008 1538 1112 1574 Nam
1132 1539 1165 1574 si
1184 1539 1294 1574 vobis
1321 1539 1473 1574 animus
1493 1542 1561 1583 est,
1582 1542 1627 1574 ut
1646 1538 1823 1587 pluribus

235 1593 409 1626 vestrum
439 1603 520 1626 esse
550 1590 676 1637 debet,
697 1603 763 1626 vos
783 1604 871 1627 011111
899 1591 1130 1628 maturiores
1162 1591 1314 1628 fueritis
1344 1592 1489 1628 divinis
1519 1592 1653 1629 officiis
1682 1592 1823 1628 manci-

233 1656 336 1692 pare,
366 1643 554 1689 addicere,
583 1644 724 1690 (1101110,
753 1658 839 1704 quae
862 1645 998 1681 utilior
1025 1645 1077 1681 sit
1104 1645 1214 1682 vobis
1242 1645 1356 1682 lectio
1385 1659 1501 1694 quam
1521 1659 1597 1695 qua
1616 1646 1656 1681 id
1675 1645 1823 1682 discitis

237 1697 339 1745 quod
372 1698 547 1733 futurum
584 1702 641 1734 est
679 1699 791 1745 usui3
833 1711 993 1747 eamque
1031 1699 1230 1748 acquiritis
1264 1699 1465 1736 scientiam
1501 1699 1544 1735 in
1575 1699 1701 1745 teriis,
1736 1712 1822 1748 que

234 1764 259 1786 v
263 1751 435 1787 obiscum
452 1751 514 1802 (ut
528 1751 641 1788 divus
658 1751 924 1801 Hieronymus
944 1752 1090 1802 inquit)
1108 1766 1290 1789 mansula
1305 1754 1387 1789 est
1377 1767 1419 1789 111
1434 1753 1562 1790 caelis?
1607 1753 1822 1789 Pulchrum

235 1809 304 1851 cst,
335 1805 597 1842 adolescentes
624 1806 799 1852 studiosi,
822 1806 1028 1855 pulchrum
1058 1810 1116 1843 est
1146 1811 1185 1843 et
1214 1811 1392 1843 sanctum
1415 1820 1437 1843 a
1457 1808 1601 1844 teneris
1623 1807 1683 1856 (ut
1701 1820 1823 1856 graece

235 1859 390 1908 dicunt)
438 1859 661 1908 unguiculis
713 1859 857 1896 divinis
912 1860 1093 1897 laudibus
1147 1861 1369 1897 incumbere
1423 1861 1548 1909 iisque
1593 1873 1818 1897 assuescere.

237 1912 437 1961 Siquidem
466 1913 534 1961 qui
561 1913 813 1960 olocaustum,
838 1913 910 1959 ic,
931 1918 1060 1950 totum
1090 1914 1292 1951 incensum
1320 1918 1436 1963 atque
1456 1918 1572 1963 caput
1591 1927 1680 1951 cum
1699 1915 1821 1951 cauda

236 1966 329 2002 olim
348 1967 533 2015 poposcit,
559 1970 683 2003 totam
714 1968 832 2003 etiam
860 1968 983 2003 vitam
1003 1972 1175 2004 nostram
1194 1981 1297 2004 nunc
1330 1969 1464 2018 exigit.
1522 1968 1676 2018 Pergite
1701 1969 1823 2018 igitur

237 2020 299 2067 (ut
328 2019 594 2057 Ciceronianis
622 2021 752 2057 verbis
780 2023 900 2071 utar),
930 2021 1190 2059 adolescentes
1222 2022 1362 2071 optimi
1377 2036 1387 2068 3
1428 2022 1469 2058 in
1501 2022 1583 2058 haec
1620 2022 1750 2059 studia
1781 2022 1824 2058 in

234 2074 377 2122 quibus
410 2074 502 2110 estis
533 2075 757 2111 incumbite.
824 2075 937 2119 Quod
974 2088 1050 2124 quo
1087 2076 1311 2125 diligentius
1343 2075 1504 2122 faciatis,
1540 2089 1608 2125 ego
1640 2076 1709 2112 has
1745 2075 1823 2112 Dei

235 2132 534 2177 sanctorumque
563 2129 646 2177 ejus
665 2128 919 2175 laudationeS,
941 2142 1035 2177 quas
1061 2129 1129 2166 alii
1157 2130 1386 2178 Sequentias
1414 2129 1483 2166 alii
1510 2129 1650 2166 Prosas
1667 2134 1819 2176 vocant,

235 2181 462 2218 elucidiores
495 2183 614 2229 effeci,
636 2187 681 2218 ut
709 2196 797 2219 cum
825 2183 967 2219 sanctis
1000 2183 1141 2220 litteris
1169 2184 1287 2220 etiam
1316 2183 1475 2220 Latinas
1494 2183 1659 2220 discatis.
1717 2183 1823 2220 Nam

232 2235 325 2272 licet
344 2249 424 2272 non
452 2236 504 2272 sit
532 2236 775 2284 paenitendus
806 2241 919 2273 vetus
951 2236 1014 2273 hic
1044 2250 1176 2274 earum
1209 2237 1410 2286 interpres,
1435 2250 1598 2286 suosque
1623 2237 1763 2286 quibus
1783 2250 1821 2274 se

233 2293 393 2326 tueatur
411 2290 553 2326 habeat
578 2295 765 2338 auctores,
787 2294 918 2327 tamen
947 2291 1039 2339 quia
1058 2304 1162 2327 nunc
1190 2291 1371 2328 cultiores
1399 2291 1640 2328 reviviscunt
1666 2291 1820 2338 litterae,

231 2343 442 2391 adjecimus
475 2356 608 2380 veram
641 2344 917 2381 vocabulorum
949 2345 1324 2394 interpretationem,
1344 2345 1513 2394 priorem
1538 2358 1617 2381 non
1635 2345 1818 2381 delentes.

232 2396 336 2433 Boni
344 2397 466 2446 igitur
473 2397 650 2447 aequique
662 2398 852 2434 consulite
865 2402 904 2434 et
911 2398 938 2434 J
941 2398 987 2435 oh
993 2412 1134 2436 annem
1142 2399 1393 2445 Balduinum,
1401 2399 1598 2447 vulgatius
1611 2398 1819 2445 Boudium,

234 2451 343 2499 cujus
362 2451 522 2488 monitis
541 2451 640 2488 hanc
659 2452 825 2500 opellam
844 2453 1080 2502 suscepimus
1099 2453 1210 2489 nobis
1228 2456 1409 2489 coamate.
1442 2452 1586 2489 Valete
1601 2465 1651 2488 ex
1670 2452 1822 2488 officina

233 2508 368 2541 nostra
395 2505 588 2541 litteraria
626 2506 668 2541 in
707 2505 995 2543 Parrhisiorum
1024 2507 1183 2544 Lutetia
1214 2507 1263 2543 ad
1293 2506 1481 2543 Calendas
1511 2506 1688 2553 Martias,
1726 2506 1821 2542 anni

233 2571 303 2607 pro
323 2559 602 2608 supputatione
622 2559 802 2596 Romana
820 2559 1091 2597 MCCCCCII.

314 2677 534 2730 Colophon
553 2676 619 2718 for
639 2677 711 2718 the
732 2682 752 2698 “
767 2677 989 2732 Expositio
1010 2677 1336 2733 Sequentiarum
1349 2678 1374 2695 ''
1404 2702 1460 2707 -

315 2773 617 2823 Sequentiarum
644 2786 711 2810 seu
743 2787 944 2823 prosarum
972 2774 1014 2810 in
1046 2773 1217 2810 Ecclesia
1244 2786 1314 2822 per
1340 2776 1468 2809 totum
1495 2784 1641 2809 annum
1665 2774 1820 2809 cantan-

234 2828 373 2864 darum
403 2828 685 2877 diligenterque
713 2831 972 2864 correctarum
1000 2831 1039 2864 et
1066 2840 1253 2877 perquam
1285 2826 1530 2863 familiariter
1556 2825 1820 2874 expositarum

234 2894 322 2918 cum
341 2881 604 2930 argutioribus
626 2882 902 2918 vocabulorum
927 2881 1314 2931 interpretationibus
1334 2879 1571 2928 Rothomagi
1589 2892 1657 2929 per
1677 2879 1819 2928 Magis-

234 2939 341 2971 trum
369 2935 534 2972 Petrum
558 2935 735 2972 Violette
762 2935 1036 2985 impressarum
1065 2935 1196 2972 eadem
1230 2934 1273 2970 in
1304 2934 1400 2971 urbe
1428 2936 1730 2971 commorantem
1749 2933 1818 2969 im-
