1979 3348
264 252 346 293 234
816 251 878 292 Dc
910 255 1060 292 sancto
1090 250 1305 292 Antonia

257 361 421 410 *vir-cinis
441 360 583 399 Mariae
604 360 739 399 matris
757 361 838 410 ejas
856 366 890 398 et
909 360 1132 410 confessoris
1151 361 1214 398 sai
1233 361 1357 398 sancti
1375 362 1549 409 Antonii,
1570 369 1603 399 et
1622 362 1666 399 in
1687 375 1792 411 pane
1820 368 1853 400 et

259 428 363 464 aqua
372 415 621 465 jejunaverit,
643 415 708 452 fillo
728 427 832 452 anno
851 414 1078 463 nonfames,
1096 428 1161 452 nec
1179 415 1353 462 nuditas,
1369 429 1435 453 nec
1452 415 1661 465 infelicitas
1672 429 1855 465 pecorum

257 482 324 506 nec
342 470 516 518 fraqam
539 483 605 506 nec
624 469 723 514 (cris,
743 482 809 505 nec
827 482 1014 517 spasmus,
1035 482 1102 506 nec
1119 468 1298 518 hydrops,
1318 482 1384 506 nec
1403 482 1545 516 cancer,
1567 483 1633 508 nec
1652 470 1767 520 lepra,
1788 483 1854 507 nec

256 525 387 568 flatus,
409 536 474 560 nec
502 523 647 571 aliquis
676 523 907 559 immundus
936 522 1111 571 spiritus,
1137 536 1203 560 nec
1222 523 1365 572 pudor,
1386 536 1452 560 nec
1483 523 1589 560 mala
1617 537 1698 561 sors
1725 524 1854 573 ipsum

257 577 446 625 contiuyet
461 592 478 622 ;
506 578 569 614 scil
589 576 784 614 Dominus
803 576 869 613 illo
889 589 994 613 anno
1013 590 1101 613 eam
1119 590 1164 613 ac
1182 577 1313 613 omnia
1333 577 1429 614 bona
1457 591 1530 614 sua
1550 577 1802 622 conservabit;
1821 583 1854 615 ct

257 631 373 668 ctiam
399 643 464 667 nec
492 644 609 679 aqna,
629 643 695 667 nec
722 630 820 678 iync,
842 643 907 667 ncc
924 629 1102 679 falqure,
1123 644 1189 667 nec
1209 636 1428 679 tempestate,
1449 644 1516 668 nec
1535 631 1768 679 pestilentia,
1789 644 1854 668 nec

257 683 394 732 aliqua
412 684 615 721 subitanea
632 689 751 721 morte
762 683 918 733 peribit,
940 685 1004 721 secl
1022 684 1069 721 ab
1089 684 1194 721 omni
1215 684 1459 722 tribulatione
1477 690 1512 722 et
1540 685 1722 733 anqustia
1749 684 1854 722 Deus

258 750 345 775 cam
366 737 430 775 illo
450 751 554 775 anno
575 737 755 775 liberabit.

336 835 401 873 Ad
420 835 595 873 sssissam.
655 835 842 885 Officium.

337 888 583 927 Gaudeamus
603 903 737 927 omnes
755 890 798 926 in
817 889 1002 937 Domino,
1023 890 1126 927 diem
1154 890 1300 927 festum
1328 890 1589 927 celebrantes:
1618 890 1690 927 sub
1708 890 1853 927 honore

255 943 360 980 beati
382 944 551 981 Antonii
571 944 800 981 confessoris
819 944 904 981 tui:
933 945 980 982 de
1000 945 1109 994 cujus
1129 945 1493 981 commemoratione
1521 944 1693 994 gaudent
1712 943 1851 993 angeli,

257 1001 296 1033 et
316 997 542 1034 collaudant
561 997 710 1035 Filium
730 998 816 1035 Dei.

333 1063 528 1101 Psalmus.
584 1063 791 1101 Exsultate
805 1063 906 1113 justi
925 1064 968 1100 in
987 1064 1158 1101 Domino
1179 1078 1187 1101 :
1215 1069 1341 1102 rectos
1360 1064 1470 1101 decet
1488 1063 1732 1102 collaudatio,

342 1128 487 1166 Oratio.

335 1181 453 1229 Deus,
477 1181 545 1232 qui
565 1182 743 1219 concedis
763 1182 927 1219 obtentu
944 1182 1062 1219 ,beati
1084 1182 1256 1219 Antonii
1286 1183 1513 1219 confessoris
1541 1183 1603 1219 tui
1630 1182 1853 1219 morbidum

253 1235 384 1285 ignem
414 1236 606 1285 extingui,
634 1240 673 1273 et
705 1236 891 1273 membris
924 1236 1035 1286 aegris
1067 1236 1268 1285 refrigeria
1296 1237 1473 1286 praestari
1487 1250 1497 1284 ;
1534 1238 1594 1273 fac
1623 1249 1704 1283 nos,
1731 1236 1853 1286 ipsius

253 1289 403 1326 meritis
431 1303 454 1326 a
482 1290 668 1339 gehenna}
696 1290 888 1327 incendiis
915 1290 1110 1336 liberatos,
1141 1291 1313 1339 integros
1343 1294 1474 1327 mente
1506 1294 1546 1327 et
1579 1303 1748 1340 corpore,
1778 1290 1854 1327 tibi

253 1342 419 1380 feliciter
437 1344 480 1380 in
499 1343 624 1394 gloria
643 1345 881 1393 praesentari.
940 1344 1018 1381 Per
1037 1343 1262 1381 Dominum.

333 1408 461 1446 Lectio
482 1408 573 1446 libri
589 1407 808 1458 Sapientioe.
864 1409 964 1447 Ecce
983 1409 1158 1447 sacerdos
1176 1423 1349 1460 magnus.

337 1473 514 1511 Graclale.

334 1527 517 1574 Domine,
537 1527 766 1577 proevenisti
794 1541 884 1565 eum
914 1529 957 1565 in
985 1528 1321 1566 benedictionibus
1347 1527 1586 1565 dulcedinis:
1619 1527 1783 1578 posuisti
1810 1528 1853 1565 in

253 1581 382 1631 capite
402 1582 484 1631 ejus
504 1594 688 1619 coronam
706 1582 754 1625 de
774 1582 902 1632 lapide
921 1582 1100 1632 pretioso.

261 1635 298 1673 V.
335 1635 477 1672 Vitam
495 1636 623 1685 petiit,
646 1640 686 1673 et
705 1636 882 1673 tribuisti
900 1638 936 1673 ei
952 1651 960 1674 :
979 1636 1267 1687 longitudinem
1283 1636 1433 1673 dierum
1446 1637 1487 1672 in
1507 1636 1692 1673 saeculum
1711 1635 1851 1673 saeculi.

333 1697 529 1747 Alleluya.
547 1727 553 1733 .
595 1698 634 1736 V.
666 1697 781 1736 Felix
799 1712 938 1748 corpus
956 1702 997 1735 et
1015 1699 1111 1735 felix
1129 1698 1272 1744 anima,

720 1752 835 1790 Felix
853 1753 980 1789 virtus
999 1752 1126 1790 sancti
1144 1753 1325 1798 Antonii,

666 1806 789 1855 Cujus
808 1819 952 1844 nomen
971 1806 1196 1843 collaudant
1215 1807 1357 1853 omnia,

720 1860 774 1897 Et
792 1865 980 1897 verentur
997 1865 1131 1910 gentes
1151 1865 1191 1897 et
1209 1860 1343 1910 populi
1361 1874 1368 1896 :

664 1914 860 1951 Flammas
879 1914 992 1964 ignis,
1014 1914 1107 1952 Orci
1124 1914 1315 1960 incendia,

719 1968 818 2005 Mox
838 1969 1001 2005 suffocat
1019 1969 1146 2005 victor
1164 1968 1384 2004 daemonum
1400 1981 1409 2013 3

664 2021 750 2058 Tua
768 2035 892 2072 prece,
912 2022 1027 2059 laude
1047 2027 1086 2059 et
1104 2022 1226 2072 gloria

716 2075 802 2113 Nos
821 2076 959 2126 copula
978 2080 1199 2113 sanctorum
1219 2076 1345 2113 coetui.

332 2136 530 2185 Alleluya.
599 2136 637 2174 V.
670 2137 704 2174 O
725 2137 892 2184 Antoni,
913 2142 1047 2188 pastor
1065 2138 1234 2187 inclyte:
1256 2137 1325 2187 qui
1344 2137 1532 2174 cruciatos
1546 2137 1682 2184 reficis,
1699 2137 1852 2175 morbos

254 2203 366 2227 sanas
396 2194 435 2227 et
464 2190 645 2237 destruis,
666 2191 767 2242 ignis
797 2192 964 2229 calorem
995 2192 1204 2242 extinguis,
1226 2192 1289 2242 pie
1318 2196 1440 2241 pater,
1461 2191 1510 2228 ad
1542 2191 1757 2228 Dominum
1785 2204 1852 2229 ora

253 2257 324 2293 pro
343 2244 456 2281 nobis
476 2244 635 2282 miseris.

467 2319 686 2370 Sequentia.

657 2384 709 2421 In
729 2383 801 2421 hac
819 2384 882 2421 die
901 2383 1126 2421 laetabunda

712 2438 852 2475 Nostri
871 2437 979 2475 chori
996 2437 1105 2487 plebs
1122 2437 1294 2487 j00i1nda

765 2491 915 2529 Psallat
934 2505 1022 2529 cum
1041 2491 1215 2541 tripudio
1229 2505 1238 2537 3

659 2545 714 2582 Et
732 2544 803 2583 hac
822 2545 885 2582 die
903 2545 1134 2596 triumphali

713 2599 868 2637 Laudes
886 2603 980 2636 voto
999 2598 1156 2649 speciali

765 2653 970 2691 Persolvat
988 2653 1177 2690 Antonio.

658 2717 740 2754 Hic
759 2718 905 2768 insigni
924 2718 1044 2768 stirpe
1063 2723 1191 2765 natus,

712 2771 827 2809 Dono
847 2772 923 2809 Dei
942 2772 1156 2817 decoratus,

765 2825 926 2862 Effulsit
944 2826 1161 2863 virtutibus
1174 2838 1184 2872 3

658 2878 793 2915 Antra
810 2879 912 2929 petit
931 2893 1001 2929 per
1019 2880 1231 2925 desertum,

713 2932 777 2969 Ne
797 2946 836 2970 se
854 2933 962 2970 vitiis
980 2933 1173 2970 incertum

765 2986 940 3024 Mundus
959 2987 1070 3024 fallat
1089 2987 1234 3037 opibus.
