1979 3348
818 166 977 208 Prosoe.
1609 170 1691 210 303

107 275 255 322 Quam*
275 277 401 326 elegit,
423 289 506 313 cum
530 277 693 313 excessit
712 277 761 313 ab
780 277 898 313 humo

105 333 239 380 Atque
267 330 405 366 mundi
434 330 686 378 perlustravit
714 331 786 367 sub
811 331 902 367 solis
921 330 1030 366 radio
1058 343 1127 379 per
1153 330 1342 366 immensa
1369 343 1477 366 sacro
1496 330 1579 367 visa
1608 331 1692 368 Deo

211 384 328 420 dante
348 385 483 433 spatia,

107 437 289 473 Polorum
309 450 426 486 regna
445 437 626 474 scandere
645 437 765 486 possis
783 437 921 482 felicia,

106 491 291 539 Ejusdem
310 491 435 537 modo,
456 492 675 540 sanctisque
696 491 813 539 jungi
833 491 901 539 qui
921 491 1004 527 Deo
1023 503 1174 540 semper
1192 490 1351 527 adstant
1369 489 1633 539 tripudiantes
1652 491 1693 526 in

211 544 348 593 patria,
372 544 629 593 multiplicata
648 545 789 593 quibus
808 544 918 582 doxa.

106 597 182 633 Pro
201 598 342 634 merita
360 599 543 634 micantia
557 598 623 634 dat
642 603 758 634 actea.

105 651 281 695 Quorum
301 657 346 687 ut
365 664 549 700 queamus
569 651 721 687 unitate
741 656 780 687 ct
799 651 1054 687 consocietate
1073 651 1250 699 gaudere,

108 704 244 741 Preces
263 705 480 754 supplicum
499 705 541 740 in
560 705 650 741 caelo
671 704 847 753 perferas.

105 758 191 802 Quo
227 771 296 795 nos
329 759 452 808 pietas
489 758 622 794 divina
659 771 783 806 nuper
815 758 932 794 faciat
969 761 1057 806 post
1091 757 1210 793 funus
1248 758 1493 807 gratulanter
1525 758 1691 795 subvehi

211 812 315 848 ulnis
334 812 445 848 almis
464 812 699 860 angelorum.

106 864 322 913 Implorant
344 865 575 901 famulorum
594 870 736 901 sanctae
756 864 888 901 laudes
907 877 1002 913 quas
1021 864 1190 900 celebrat
1208 864 1315 913 plebs
1334 864 1557 901 monastica.

105 918 143 953 N
147 931 223 954 unc
242 931 330 967 ergo
350 919 411 968 pie
430 919 511 955 dies
530 924 680 955 nostros
700 918 893 955 obtenta†
921 918 1022 954 dona
1042 931 1133 966 pace
1151 922 1191 954 et
1211 918 1331 954 vitam
1352 918 1529 955 claritate
1547 923 1691 956 nostra.

105 972 157 1008 Et
185 985 254 1020 per
281 973 418 1008 saecula
446 972 527 1020 regi
555 981 689 1008 nostro
717 973 769 1008 sit
797 972 912 1008 decus
931 976 971 1008 et
998 976 1170 1021 potestas
1198 985 1287 1008 cum
1314 972 1459 1009 sanctis
1487 972 1555 1022 qui
1574 973 1694 1009 donat

211 1026 323 1062 beata
345 1026 514 1075 praemia.

788 1129 994 1166 XLVIII.

718 1209 783 1245 DE
811 1209 1074 1246 VIRGINIBUS.

289 1271 355 1307 Αιί
375 1271 587 1307 Ducentur.

295 1336 492 1385 Alleluya.

209 1401 300 1437 DEO
322 1413 479 1438 PROMAT
508 1413 625 1438 PLEBs
644 1406 777 1438 nostra
796 1401 947 1438 cantica
965 1401 1138 1451 pulchra,

209 1454 442 1504 Virginibus
461 1456 531 1504 qui
549 1456 697 1493 confert
715 1469 832 1492 aurea
850 1455 971 1502 saecla,

209 1508 263 1544 Et
282 1509 507 1558 conjugatas
526 1523 657 1546 omnes
676 1510 724 1546 ad
743 1522 862 1559 regna
881 1513 995 1546 vocat
1013 1509 1102 1558 pius
1122 1511 1278 1554 aeterna,

211 1561 403 1598 Coronam
424 1563 514 1599 vitae
534 1563 664 1600 viduis
683 1567 722 1600 et
740 1563 939 1613 promittit
957 1563 1040 1599 sine
1061 1565 1137 1599 fine
1156 1562 1368 1612 pulchram.

210 1615 332 1664 Cujus
351 1616 440 1652 aula
458 1629 529 1653 nos
548 1621 728 1666 expectat
747 1623 966 1666 peccatores
985 1621 1025 1654 et
1046 1616 1185 1666 ampla,

210 1669 362 1718 Optans
382 1670 483 1706 cives
502 1683 573 1707 nos
592 1671 733 1708 habere
752 1684 848 1720 quos
866 1679 993 1708 mater
1012 1670 1184 1707 Ecclesia
1202 1668 1374 1719 parturit
1393 1669 1569 1708 secunda.

209 1722 321 1760 Celsa
341 1724 512 1760 carmina
530 1724 599 1760 ubi
618 1737 768 1774 semper
787 1737 919 1761 omnes
937 1724 1063 1761 sancti
1077 1724 1263 1773 jubilant,

208 1776 290 1813 Ubi
311 1777 445 1826 gloria,
466 1791 544 1827 pax
563 1781 603 1814 et
622 1779 736 1826 plena
754 1778 836 1825 lux,
854 1778 930 1824 via,
951 1778 1116 1815 felicitas
1135 1777 1305 1827 pullulat
1323 1783 1363 1815 et
1381 1781 1476 1815 tota.

208 1830 294 1867 Ubi
313 1831 453 1880 pudica
471 1831 674 1880 virginalis
693 1836 849 1869 caterva

206 1884 311 1921 Lilia
331 1886 436 1921 intra
454 1889 493 1921 et
512 1898 617 1922 rosas
635 1886 806 1935 paradisi
824 1885 1085 1935 pulcherrime
1103 1888 1289 1922 coruscat.

211 1937 401 1988 Angelica
419 1939 503 1987 jam
528 1952 616 1976 cum
640 1940 752 1989 plebe
776 1940 949 1989 gaudens
973 1953 1108 1976 aurea:
1136 1952 1214 1989 quo
1233 1939 1400 1976 clemens
1420 1939 1502 1989 ipse
1520 1951 1592 1976 nos
1611 1952 1694 1989 per-

316 1992 434 2029 ducat

208 2045 286 2090 Qui
304 2051 441 2096 regnat
459 2059 528 2096 per
547 2046 686 2084 saecula
703 2051 900 2096 perpetua.

814 2154 971 2190 XLIX.

290 2230 416 2267 Proser.
435 2231 488 2267 ad
506 2231 714 2279 Sequentia
734 2231 906 2269 Ostende
925 2232 1064 2268 minor.

289 2295 484 2344 Alleluya.

183 2358 411 2396 PREOAMUR
437 2370 623 2405 NOSTRAS,

182 2412 300 2458 Deus,
322 2413 471 2449 animas
499 2420 538 2450 et
566 2414 822 2451 conscientias
841 2415 957 2465 digne
985 2415 1141 2462 munda,
1161 2420 1208 2452 ut
1225 2428 1330 2453 nunc
1348 2419 1482 2456 nostra
1511 2415 1691 2454 Christus

318 2467 476 2503 veniens
499 2467 614 2504 corda

183 2519 267 2556 Sibi
285 2519 460 2557 inveniat
479 2526 621 2570 parata.

875 2628 919 2666 L.

288 2704 412 2741 Prosa
430 2705 484 2741 acl
501 2704 706 2753 Sequentia
725 2706 894 2744 Ostende
915 2706 1046 2757 major.

291 2769 486 2818 Alleluya.

212 2831 342 2871 SALus
370 2845 540 2872 AETERNA
568 2846 825 2875 INDEFICIENS
844 2837 982 2875 mundi
1000 2837 1094 2885 vita,
1115 2843 1160 2875 ut
1178 2850 1300 2887 supra
1319 2837 1411 2890 (vol.
1432 2837 1456 2874 i.
1478 2850 1513 2888 p.
1540 2837 1588 2887 1).

339 2919 356 2935 ⁴*
377 2919 592 2959 lus-quem.
1152 2921 1174 2954 Τ
1196 2920 1452 2952 lus—obtentu.
