1979 3348
460 227 522 268 1η
544 226 967 270 Commemoratione
987 231 1149 269 semotae
1175 227 1341 270 Crucis.
1610 232 1691 272 159

181 338 372 375 Psalmus.

181 391 379 440 Exsurgat
400 391 507 427 Deus
535 394 575 427 et
600 391 840 442 dissipentur
863 391 1015 428 inimici
1040 392 1147 440 ejus:
1176 396 1215 428 ct
1245 391 1398 440 fugiant
1429 392 1497 441 qni
1527 392 1694 430 oderunt

98 457 189 482 eum
209 458 232 481 a
250 445 345 481 facie
368 445 460 493 ejus

182 498 315 535 Gloria
334 498 376 534 in
395 497 565 535 excelsis.

182 559 326 597 Oratio.

181 612 389 661 Deus,q11i
419 613 533 649 corda
564 613 738 650 fidelium
770 613 904 650 Sancti
935 613 1107 663 Spiritus
1141 614 1404 652 illustratione
1436 613 1613 660 docuisti,
1644 613 1694 651 da

99 666 211 703 nobis
246 667 288 703 in
321 667 454 703 eodem
487 667 637 716 Spiritu
674 671 779 704 recta
811 680 954 716 sapere,
988 671 1027 703 et
1057 668 1104 703 de
1137 670 1220 717 ejus
1249 681 1399 717 semper
1431 667 1694 705 consolatione

99 721 275 770 gaudere.
334 720 411 757 Per
430 721 655 757 Dominum.
715 721 766 756 In
786 721 940 757 unitate
960 721 1141 769 ejusdem.

178 782 304 819 Lectio
324 782 496 818 Actzcum
515 781 784 830 Apostolorum
803 781 907 831 (viii.
934 782 1084 832 14-17).

181 836 231 872 In
251 836 385 872 diebus
404 836 493 880 illis,
517 836 616 872 Cum
636 836 837 872 audissent
859 836 1025 884 apostoli
1045 837 1113 885 qui
1141 841 1253 873 erant
1282 837 1580 886 Hierosolymis,
1601 836 1694 886 quia

97 890 304 938 recepisset
323 889 498 926 Samaria
517 903 636 937 usque
655 889 709 926 ad
731 893 770 925 et
789 889 1031 938 accipiebant
1052 891 1246 939 Spiritum
1267 891 1466 928 Sanctum.

182 950 359 988 Gradale.

180 1005 302 1041 Beata
328 1017 421 1053 gens
451 1004 560 1053 cujus
589 1008 648 1041 est
677 1004 872 1041 Dominus
898 1005 1006 1042 Deus
1039 1019 1197 1043 eorum:
1230 1006 1399 1056 populus
1429 1019 1544 1055 quem
1577 1006 1695 1056 elegit

100 1058 294 1095 Dominus
314 1058 355 1093 in
376 1058 631 1094 hereditatem
651 1058 734 1094 sibi.

107 1111 145 1149 V.
181 1111 314 1148 Verbo
340 1111 503 1147 Domini
528 1112 612 1148 caeli
636 1112 781 1148 firmati
805 1116 920 1150 sunt:
950 1116 990 1149 et
1021 1113 1171 1162 Spiritu
1202 1113 1280 1150 oris
1310 1114 1393 1163 ejus
1423 1113 1549 1150 omnis
1568 1114 1696 1150 virtus

99 1178 246 1202 eorum.

180 1218 375 1267 Alleluya.
442 1219 479 1256 V.
511 1219 629 1265 Veni,
657 1219 797 1256 Sancte
824 1219 1006 1269 Spiritus,
1034 1220 1140 1270 reple
1165 1224 1326 1258 tuorum
1350 1221 1466 1258 corda
1494 1221 1695 1258 fidelium:

97 1276 141 1309 et
159 1272 220 1309 tui
238 1273 378 1309 amoris
399 1273 440 1309 in
460 1273 515 1309 eis
536 1273 663 1322 ignem
684 1273 856 1311 accende.

178 1333 391 1383 Sequentia.
451 1334 568 1381 Veni,
585 1335 725 1372 Sancte
745 1335 926 1384 Spiritus,
948 1349 1073 1384 qzccere
1092 1336 1137 1373 in
1163 1336 1306 1386 Viyz'lia
1327 1337 1545 1375 Trinitatis.

180 1397 446 1444 Evanqelium.

180 1449 232 1485 In
268 1450 336 1485 illo
366 1455 549 1499 tempore,
586 1450 704 1487 Dixit
735 1451 852 1487 Jesus
886 1451 1086 1500 discipulis
1119 1452 1226 1499 suis3
1267 1452 1307 1489 Si
1341 1452 1427 1502 quis
1460 1452 1592 1502 diligit
1620 1464 1694 1500 me,

98 1516 225 1552 quoere
244 1503 288 1540 in
307 1504 366 1540 die
386 1504 627 1542 Pentecoste&

183 1564 436 1613 Offertorium.
497 1565 693 1601 Confirma
713 1565 794 1609 hoc,
816 1565 934 1602 Deus.

176 1618 335 1656 Secreta.
395 1619 574 1665 Munera,
593 1632 823 1667 quaesumus,
848 1619 1026 1657 Domine.

178 1672 377 1719 Praefacio.
438 1672 517 1716 Qui
536 1673 755 1709 ascendens.

181 1725 420 1763 Oommzmio.
480 1725 623 1763 Factus
643 1732 701 1762 est
723 1730 892 1775 repente.

180 1779 499 1819 Posccovmnunio.
559 1779 694 1817 Sancti
714 1780 896 1830 Spiritus,
918 1780 1099 1818 Domine.

474 1958 525 1995 IN
554 1958 940 1995 COMMEMORATIONE
969 1968 1129 1995 SANCTAE
1159 1957 1321 1995 CRUCIS.

185 2030 369 2079 Officium.

182 2084 268 2121 Nos
286 2088 418 2121 autem
437 2084 596 2132 glori-ari
615 2086 768 2132 oportet
787 2083 829 2119 in
853 2095 964 2119 cruce
990 2082 1155 2119 Domini
1179 2082 1304 2118 nostri
1328 2082 1356 2119 J
1359 2095 1426 2119 esu
1457 2081 1626 2119 Christi:
1654 2082 1698 2118 in

101 2152 180 2189 quo
210 2143 268 2175 est
298 2138 412 2184 salus,
429 2139 512 2174 vita
544 2142 582 2174 et
612 2137 843 2174 resurrectio
875 2140 1035 2173 nostra:
1077 2149 1146 2185 per
1171 2149 1287 2185 quem
1312 2136 1454 2172 salvati
1478 2140 1518 2172 et
1541 2135 1699 2173 liberati

97 2206 247 2230 sumus.

183 2245 238 2283 In
258 2251 418 2294 tewzpore
436 2244 630 2290 Pascliccli,
650 2244 849 2293 Alleluya,
871 2243 1048 2293 alleluya.

183 2307 377 2344 Psalmus.

184 2361 292 2398 Deus
317 2361 545 2397 misereatur
569 2359 694 2396 nostri
723 2363 763 2395 et
792 2359 996 2396 benedicat
1025 2358 1159 2396 nobis:
1189 2359 1388 2397 illuminet
1407 2359 1564 2397 vultum
1582 2372 1698 2397 suum

106 2428 223 2466 super
242 2428 321 2461 nos,
345 2419 384 2451 et
403 2414 633 2450 misereatur
651 2413 786 2450 nostri.

183 2469 230 2506 N
228 2483 277 2506 on
296 2468 440 2505 dicitur
460 2468 594 2504 Gloria
612 2468 655 2503 in
674 2466 834 2504 excelsis
854 2466 951 2504 Deo.

189 2534 332 2572 Oratio.

186 2588 306 2633 Deus,
327 2587 395 2636 qui
428 2586 622 2636 unigeniti
653 2586 746 2622 Filii
778 2586 839 2622 tui
870 2585 1034 2623 Domini
1071 2586 1197 2623 nostri
1225 2586 1253 2624 J
1256 2599 1323 2624 esu
1357 2587 1506 2625 Christi
1532 2588 1701 2637 pretioso

106 2642 293 2691 sanguine
318 2641 482 2677 vivificae
514 2640 637 2677 crucis
669 2639 860 2676 vexillum
890 2641 1130 2677 sanctificare
1160 2640 1347 2678 voluisti:
1387 2642 1564 2689 concede,
1595 2655 1702 2692 quae-

107 2708 250 2740 sumus,
272 2696 415 2744 eosqui
435 2695 606 2743 ejusdem
627 2698 770 2730 sanctae
791 2694 914 2731 crucis
933 2694 1106 2744 gaudent
1124 2694 1281 2743 honore,
1302 2699 1372 2732 tua
1386 2709 1538 2746 quoque
1556 2696 1702 2745 ubique

103 2750 345 2799 protectione
363 2749 539 2798 gaudere.
598 2748 675 2785 Per
693 2747 868 2784 eundem.

187 2809 251 2846 Ad
269 2810 534 2859 Philippenses
553 2809 617 2859 (ii.
642 2809 766 2859 8-11).

191 2863 370 2901 Fratres:
405 2863 584 2900 Christus
611 2863 736 2899 factus
766 2865 825 2900 est
850 2875 920 2912 pro
948 2863 1060 2900 nobis
1085 2863 1266 2901 obediens
1296 2877 1420 2914 usque
1448 2865 1498 2901 ad
1523 2868 1702 2911 mortem,

107 2922 274 2953 mortem
293 2921 423 2954 autem
444 2918 567 2954 crucis
585 2930 703 2967 usque
728 2917 782 2955 ad
811 2917 904 2967 quia
928 2916 1121 2956 Dominus
1145 2923 1277 2957 noster
1306 2919 1335 2957 J
1338 2931 1424 2957 esus
1455 2918 1633 2956 Christus
1662 2918 1704 2955 in

105 2971 233 3021 *gloria
251 2975 309 3008 est
328 2971 405 3009 Dei
425 2971 563 3010 Patris.
