1979 3348
279 285 362 325 210
800 282 1045 338 Sequentioe
1079 284 1355 327 Communes.

358 393 407 431 In
427 394 779 432 commemoratione
804 395 917 431 beatae
938 395 1080 431 Marife
1112 395 1151 431 ῐη
1182 401 1342 444 tempore
1371 396 1553 434 Pasclcali
1582 398 1767 435 dicantus-
1795 398 1876 435 istoe

273 449 361 486 duce
379 448 594 498 Sequentia&
613 449 835 485 (alternatim
852 464 864 486 .·

435 518 595 569 Virgini
616 518 754 554 Mariae
775 517 908 555 laudes
926 517 1112 555 intonant
1133 518 1360 563 Christiani,

438 572 523 608 Eva
542 572 667 608 tristis
686 571 862 618 abstulit,

437 626 513 663 Sed
534 626 665 662 Maria
683 625 852 674 protulit

436 680 602 725 Natum,
624 679 693 728 qui
711 679 878 716 redemit
896 683 1124 729 peccatores.

436 733 512 770 Jus
531 738 570 770 et
589 733 716 770 virtus
735 733 894 770 modulo
913 746 1128 770 convenere
1148 734 1338 770 mirando.

439 787 578 824 Mariae
598 788 702 824 filius
721 792 859 836 regnat
881 787 998 824 Deus.

439 841 515 878 Dic
534 841 660 887 nobis,
683 841 825 888 Maria,

438 896 565 944 Virgo
584 896 752 932 clemens
772 900 812 932 et
831 895 895 945 pia
909 909 919 942 3

439 949 642 994 Quomodo
660 949 763 986 facta
783 963 820 986 es
840 949 1031 999 genetrix,
1053 963 1140 986 cum
1161 955 1205 986 tu
1225 949 1276 986 sis
1295 950 1444 999 plasma
1463 962 1513 986 ex
1534 954 1572 987 te
1592 952 1809 988 nascentis?

440 1004 619 1053 Angelus
640 1007 698 1039 est
717 1004 829 1040 testis

437 1057 505 1094 Ad
526 1070 587 1094 me
607 1057 746 1094 missus
766 1057 952 1104 caelestis3

439 1111 571 1148 Natus
591 1115 649 1147 est
668 1124 718 1147 ex
736 1124 798 1147 me.
817 1124 902 1160 spes
922 1124 1018 1155 mea,

439 1165 516 1202 Sed
535 1165 735 1201 incredula
755 1169 887 1201 manet
905 1165 1057 1201 Judaea.

440 1218 686 1255 Credendum
708 1223 766 1256 est
784 1219 907 1267 magis
927 1218 1000 1255 soli
1020 1218 1194 1255 Gabrieli
1212 1219 1318 1264 forti,

438 1273 568 1318 Quam
586 1273 614 1310 J
618 1272 817 1309 udaeorum
836 1286 966 1322 pravae
987 1272 1146 1309 cohorti.

439 1326 592 1364 Scimus
613 1326 817 1364 Christum
836 1326 1063 1376 processisse
1083 1340 1133 1363 ex
1153 1326 1284 1364 Maria
1303 1340 1393 1364 vere
1412 1341 1419 1369 ς

438 1381 499 1417 Tu
518 1381 640 1428 nobis,
662 1385 754 1417 nate
773 1394 856 1427 rex,
879 1380 1068 1418 miserere.

357 1462 450 1499 Alia
469 1461 685 1511 Sequentia.
745 1462 886 1499 Stabat
900 1462 1019 1511 juxta
1038 1475 1193 1499 crucem
1214 1461 1373 1509 Christi,
1395 1469 1440 1500 ub
1459 1476 1590 1511 supra.

357 1524 384 1561 I
386 1531 456 1562 tem
476 1524 557 1562 alia
575 1523 792 1573 Sequentia.

744 1586 897 1623 Laudes
919 1586 1074 1623 Christo
1094 1586 1354 1634 decantemus,

743 1641 840 1690 Ejus
860 1641 995 1677 matris
1015 1640 1083 1689 qui
1103 1641 1316 1690 gaudemus

797 1694 963 1743 Speciali
981 1694 1115 1743 gloria.

742 1754 868 1790 Dulce
887 1754 1008 1790 melos
1027 1754 1155 1803 pulset
1174 1754 1284 1790 caelos
1303 1767 1312 1800 ;

724 1807 783 1844 *N
785 1821 847 1844 am
868 1808 1079 1856 benignam
1099 1807 1204 1844 dulci
1223 1808 1383 1857 dignam

797 1861 1001 1899 Credimus
1020 1861 1197 1898 melodia.

741 1921 845 1958 Voci
864 1921 948 1957 vita
967 1920 1244 1967 conformetur,

743 1974 805 2011 Ut
824 1975 970 2011 sincere
989 1975 1208 2011 celebretur

796 2028 935 2065 Mariae
954 2029 1151 2066 memoria.

742 2088 958 2125 Salvatoris
977 2092 1143 2125 matrem
1162 2088 1335 2134 laudent,

743 2142 822 2188 Qui
840 2155 910 2191 per
928 2155 1013 2178 eam
1033 2143 1108 2179 sibi
1127 2142 1301 2192 gaudent

796 2196 902 2233 Vitae
923 2196 1009 2233 dari
1028 2209 1202 2233 munera.

741 2257 888 2294 Dicant
909 2270 1042 2294 omnes
1061 2261 1100 2294 et
1119 2257 1253 2294 dicant
1271 2257 1428 2307 singuli,

740 2312 832 2349 Ave
851 2312 954 2348 salus
972 2311 1096 2348 totius
1114 2311 1261 2361 populi,

795 2365 920 2415 Virgo
941 2370 981 2402 et
999 2378 1199 2415 puerpera.

742 2426 775 2463 O
796 2439 913 2476 quam
931 2426 1038 2471 felix,
1061 2439 1176 2475 quam
1198 2426 1391 2475 praeclara,

741 2480 868 2530 Virgo
886 2485 1012 2517 mater
1030 2480 1115 2516 Deo
1135 2493 1234 2526 cara,

795 2534 911 2571 Sacro
931 2534 1045 2584 plena
1064 2533 1252 2571 Flamine.

743 2595 862 2644 Agno
881 2594 963 2631 sine
982 2593 1134 2630 macula

744 2649 874 2685 Lactis
894 2648 1001 2684 dedit
1019 2647 1158 2696 pocula

797 2702 880 2739 Sub
899 2702 1025 2739 carnis
1043 2701 1245 2738 velamine.

744 2762 843 2799 Haec
861 2766 921 2799 est
940 2761 1041 2798 scala
1059 2765 1316 2810 peccatorum,

744 2816 821 2853 Per
838 2829 953 2866 quam
976 2815 1156 2852 Christus
1175 2828 1246 2851 rex
1264 2815 1444 2851 caelorum

797 2869 1009 2907 Descendit
1028 2869 1077 2906 ad
1095 2868 1239 2905 infima.

744 2930 887 2966 Forma
905 2929 1015 2979 cujus
1035 2928 1255 2978 singularis,

743 2983 820 3020 Per
838 2996 955 3033 quam
974 2983 1073 3019 roris
1091 2982 1271 3018 salutaris

796 3037 912 3074 Dona
929 3037 1074 3074 dantur
1091 3035 1242 3073 intima.
