1979 3348
247 210 326 249 190
677 205 794 248 Ordo
824 206 884 247 (((Ζ
906 205 1124 260 finienda
1154 205 1407 261 Sponffltlia.

241 322 351 354 tuam
382 318 524 354 habeat
555 317 882 363 emendationem,
903 320 944 353 et
971 315 1050 352 illis
1080 315 1263 352 omnibus
1295 317 1362 365 qui
1394 316 1436 352 in
1466 321 1506 353 te
1533 316 1746 361 confidunt,
1768 328 1838 365 pro

243 377 312 408 tua
331 385 473 421 magna
493 371 641 421 pietate
661 384 851 407 succurre.
911 370 989 414 Qui
1009 370 1113 406 vivis
1133 374 1172 406 et
1192 383 1330 419 regnas
1350 383 1439 407 cum
1459 371 1544 407 Deo
1565 370 1696 407 Patre.

327 433 490 471 Secreta.

325 487 583 536 Omnipotens
612 486 848 535 sempiterne
877 485 997 530 Deus,
1018 485 1241 534 redemptor
1260 485 1481 522 animarum
1501 486 1779 522 salvandarum
1799 489 1839 521 et

241 541 413 590 pretium
433 540 713 590 redemptionis
732 540 855 576 totius
873 539 1026 588 generis
1046 539 1209 575 humani
1223 553 1233 585 3
1262 540 1445 576 miserere
1465 539 1679 576 clementer
1697 540 1838 575 animae

243 595 381 631 famuli
401 596 461 631 tui
481 594 557 639 N.,·
587 598 626 630 et
649 593 836 642 quicquid
857 594 1057 639 vitiorum,
1079 593 1239 630 fallente
1268 593 1421 629 diabolo
1450 597 1489 630 et
1518 594 1676 642 propria
1698 593 1841 642 iniqui-

243 654 337 693 tate,
373 648 583 694 contraxit,
621 652 666 684 tu
697 648 785 696 pius
816 651 856 684 et
886 647 1104 684 misericors
1141 647 1277 684 abluas
1315 647 1555 696 indulgendo
1570 661 1580 693 3
1620 651 1660 684 et
1692 651 1840 684 terram

243 716 360 752 quam
381 702 569 751 sanguine
597 701 754 750 proprio
774 701 972 747 dedicasti,
995 700 1042 737 de
1062 701 1242 737 manibus
1270 701 1523 737 inimicorum
1551 714 1619 750 per
1647 700 1840 737 virtutem

243 760 386 792 sanetae
406 756 531 792 crucis
554 755 708 804 eripias,
730 759 824 791 vota
851 755 1022 791 filiorum
1051 754 1174 791 Israel
1202 755 1252 791 ad
1281 756 1364 803 ejus
1392 755 1665 791 liberationem
1694 754 1841 791 instan-

242 811 345 846 tium
377 810 420 846 in
451 810 557 846 viam
588 809 726 846 salutis
757 815 913 846 aeternae
944 809 1249 845 misericorditer
1279 809 1492 858 dirigendo.
1559 809 1637 854 Qui
1668 808 1770 844 vivis
1801 812 1840 845 et

245 876 396 913 regnas.

326 925 650 962 Posteommunz'o.

324 979 444 1024 Deus,
466 980 576 1027 cujus
604 978 878 1015 misericordiae
907 991 987 1015 non
1015 982 1075 1015 est
1104 991 1303 1025 numerus,
1324 978 1387 1015 cui
1414 978 1487 1015 soli
1515 978 1703 1027 competit
1722 977 1842 1015 medi-

242 1033 371 1069 cinam
392 1037 575 1082 praestare
594 1036 681 1082 post
701 1037 880 1077 mortem,
902 1032 968 1081 qui
990 1045 1029 1068 es
1048 1032 1134 1069 vita
1152 1033 1386 1079 viventium,
1408 1045 1492 1081 spes
1512 1032 1779 1078 morientium,
1800 1035 1841 1068 et

241 1087 347 1123 salus
367 1087 544 1123 omnium
563 1087 606 1122 in
625 1091 664 1123 te
685 1087 939 1135 sperantium,
962 1086 1030 1135 qui
1048 1090 1195 1122 terram
1214 1086 1446 1123 hereditatis
1474 1090 1553 1122 tuae
1582 1099 1652 1135 per
1680 1090 1838 1135 peccata

242 1141 414 1177 filiorum
434 1141 540 1177 Esau
559 1140 751 1190 pollutam
771 1140 940 1189 pretioso
960 1140 1148 1188 sanguine
1167 1144 1237 1176 tuo
1252 1153 1474 1177 consecrare
1495 1140 1680 1189 dignatus
1701 1153 1739 1176 es
1755 1153 1764 1186 3
1794 1143 1840 1176 tu

242 1194 415 1230 animam
434 1195 573 1231 famuli
591 1194 653 1230 tui
672 1194 723 1230 N.
742 1207 811 1242 per
829 1194 946 1241 hujus
966 1193 1157 1230 virtutem
1176 1194 1410 1230 sacramenti
1429 1207 1452 1229 a
1470 1194 1641 1242 peccatis
1660 1193 1842 1230 omnibus

243 1262 375 1294 exuas,
397 1253 436 1284 et
457 1261 480 1284 a
498 1248 620 1297 paenis
639 1261 735 1296 quas
755 1260 825 1296 pro
845 1247 906 1283 his
933 1251 1106 1283 meretur
1133 1247 1274 1296 eripias
1288 1261 1299 1294 3
1327 1252 1367 1284 et
1386 1248 1575 1296 populum
1595 1247 1842 1284 incredulum

242 1315 286 1338 ac
306 1302 489 1338 rebellem
508 1315 578 1351 per
596 1302 763 1350 gratiam
783 1306 894 1337 tuam
913 1301 1031 1337 facias
1053 1301 1284 1350 peculiarem
1299 1315 1308 1348 3
1337 1302 1493 1350 illisque
1513 1301 1694 1338 omnibus
1714 1301 1782 1350 qui
1800 1302 1843 1337 in

242 1360 314 1392 tna
342 1356 488 1405 pietate
517 1360 556 1392 et
584 1355 850 1392 misericordia
879 1355 1094 1401 confidunt,
1115 1368 1276 1392 manum
1305 1355 1447 1392 auxilii
1475 1355 1538 1391 tui
1566 1355 1738 1404 piissime
1767 1355 1842 1392 lar-

242 1410 369 1459 giaris.
430 1410 508 1455 Qui
528 1410 629 1446 vivis
649 1413 689 1446 et
707 1422 846 1459 regnas
864 1422 954 1446 cum
974 1409 1059 1446 Deo
1084 1408 1214 1446 Patre.

696 1561 814 1598 ORDO
842 1571 897 1596 AD
927 1571 1132 1597 FACIENDA
1163 1560 1401 1596 SPONSALIA.

325 1647 570 1686 Statuantm·
588 1648 649 1684 vir
668 1653 701 1684 et
719 1647 860 1684 mulier
878 1653 966 1683 ante
995 1647 1137 1684 ostiam
1165 1646 1323 1684 ecclesiae
1344 1660 1471 1684 coram
1491 1647 1572 1684 Deo
1592 1653 1626 1683 et
1644 1646 1844 1684 Sacerdote

244 1709 278 1739 et
291 1702 450 1751 populo,
466 1703 527 1739 vir
544 1716 568 1738 a
585 1702 729 1739 cleastris
748 1701 923 1738 mulieris
941 1707 974 1737 et
993 1701 1133 1738 mulier
1152 1715 1177 1737 a
1195 1701 1367 1737 sinistris
1386 1700 1471 1737 viri.
1533 1701 1643 1738 Tunc
1661 1700 1846 1738 Sacerdos

244 1757 449 1804 interroyet
477 1757 616 1802 banna,
648 1761 681 1792 ez}
705 1761 838 1804 postea
866 1755 994 1791 dicat:
1033 1755 1242 1791 Admoneo
1271 1768 1341 1791 vos
1372 1768 1516 1800 omneS,
1539 1759 1585 1791 ut
1616 1755 1650 1791 si
1679 1755 1766 1803 quis
1795 1768 1845 1791 ex

245 1810 357 1846 vobis
396 1814 455 1846 est
492 1810 560 1859 qui
597 1809 716 1855 aliud,
748 1815 781 1846 et
814 1815 944 1854 cetera,
980 1814 1024 1844 ut
1057 1808 1103 1845 in
1135 1808 1213 1845 (ιῦἰο
1247 1808 1351 1845 libro.
1420 1808 1568 1845 Finitis
1606 1809 1846 1846 orationibus

238 1864 450 1912 premissis,
472 1863 777 1911 introductisque
809 1862 889 1899 illis
921 1862 1022 1899 incer
1058 1862 1201 1899 clerum
1238 1868 1272 1899 et
1304 1862 1440 1899 Altare
1473 1876 1517 1899 eac
1543 1868 1656 1911 parte
1689 1862 1846 1899 ecclesice

245 1918 424 1963 (australi,
446 1924 479 1954 et
500 1923 647 1955 statuta
666 1917 825 1954 muliere
843 1917 897 1953 (αἱ
916 1917 1109 1954 dexteram
1128 1916 1215 1963 viri,
1231 1916 1449 1965 incz'pz’atm·
1467 1916 1594 1953 Missa
1613 1916 1846 1954 sollemniter

245 1973 291 2009 (Ze
312 1971 518 2009 Trinitate.

332 2033 517 2081 Officium.

327 2087 541 2124 Benedicta
568 2087 619 2123 sit
645 2087 789 2123 Sancta
819 2086 993 2122 Trinitas
1021 2090 1140 2135 atque
1168 2085 1340 2122 indivisa
1369 2085 1540 2123 Unitas:
1571 2086 1846 2124 confitebimur

244 2142 292 2188 ei,
315 2142 411 2191 quia
429 2141 522 2178 fecit
543 2141 747 2177 nobiscum
766 2140 1073 2176 misericordiam
1093 2153 1213 2176 suam.

329 2203 526 2240 Psalmus.

328 2257 610 2294 Benedicamus
631 2256 791 2293 Patrem
811 2259 852 2292 et
871 2255 1019 2292 Filium
1039 2268 1127 2292 cum
1149 2256 1291 2292 Sancto
1312 2255 1473 2305 Spiritu.

327 2311 463 2348 Gloria
480 2311 523 2347 in
542 2310 704 2347 excelsis
724 2310 820 2347 Deo.

332 2373 478 2411 Oratio.

330 2427 591 2476 Omnipotens
611 2426 847 2475 sempiterne
877 2425 996 2471 Deus,
1018 2425 1086 2475 qui
1106 2425 1250 2462 dedisti
1268 2425 1424 2462 famulis
1445 2426 1525 2462 tuis
1544 2426 1585 2461 in
1605 2425 1845 2463 confessione

247 2494 349 2517 verae
370 2481 461 2517 fidei
481 2484 634 2517 aeternae
656 2480 862 2516 Trinitatis
882 2479 1047 2529 gloriam
1074 2493 1292 2528 agnoscere,
1314 2486 1354 2516 et
1374 2480 1411 2515 in
1435 2479 1609 2528 potentia
1629 2480 1845 2528 majestatis

246 2535 408 2571 adorare
438 2534 648 2571 Unitatcni
663 2547 673 2580 3
702 2547 936 2582 quaesumus,
960 2537 1006 2569 ut
1034 2534 1207 2582 ejusdem
1237 2533 1329 2569 fidei
1358 2533 1558 2579 firmitate,
1585 2534 1634 2570 ab
1664 2534 1845 2570 omnibus

248 2601 404 2637 semper
423 2589 649 2624 muniamur
668 2587 852 2624 adversis.

332 2650 426 2686 Alia
448 2650 582 2687 Oratio
603 2650 671 2687 snb
691 2651 816 2686 eodem
836 2649 1080 2687 conclusione.

332 2704 491 2740 Exaudi
519 2717 600 2749 nos,
623 2704 869 2753 omnipotens
897 2711 936 2740 et
964 2703 1182 2739 misericors
1211 2702 1320 2740 Deus
1333 2716 1344 2750 3
1371 2707 1417 2739 ut
1436 2703 1539 2752 quod
1560 2708 1694 2740 nostro
1713 2704 1845 2741 minis-

249 2762 381 2795 tratur
400 2757 538 2804 officio,
559 2762 630 2794 tua
648 2757 917 2794 benedictione
936 2758 1066 2806 potius
1085 2757 1305 2805 impleatur.
1365 2756 1442 2793 Per
1461 2757 1688 2795 Dominum.

331 2820 397 2857 Ad
419 2819 642 2858 Corinthios
660 2819 708 2866 (l
732 2833 762 2856 v.
791 2819 941 2869 15-20).

332 2875 490 2911 Fratres
508 2887 515 2910 :
553 2873 726 2909 Nescitis
759 2873 944 2921 quoniam
976 2886 1137 2922 corpora
1168 2876 1300 2910 vestra
1337 2873 1511 2910 membra
1544 2878 1636 2912 sunt
1671 2874 1844 2913 Christis!

251 2942 370 2978 usque
389 2929 443 2966 ad
461 2927 674 2977 glorificate
694 2932 734 2963 et
752 2931 905 2975 portate
926 2927 1055 2964 Deum
1075 2928 1116 2964 in
1136 2939 1294 2977 corpore
1313 2931 1452 2964 vestro.
