1979 3348
713 244 838 284 Festa
868 241 1122 283 Februarii.
1660 244 1710 283 21

122 354 231 391 Audi
251 367 331 400 nos,
353 367 444 390 nam
464 358 503 390 te
522 353 626 390 filius
645 353 745 390 nihil
764 366 909 401 negans
928 353 1103 389 honorat.

124 408 240 444 Salva
259 421 339 453 nos,
361 408 389 444 J
391 421 468 452 esu,
490 421 559 456 pro
580 408 721 456 quibus
742 407 850 456 virgo
870 410 995 442 mater
1013 410 1052 442 tc
1073 410 1168 443 orat.

123 461 186 498 Da
204 461 354 497 fontem
373 462 464 497 vitae
484 461 608 497 visere
630 475 636 497 :
670 461 718 496 da
737 473 854 509 puros
873 459 1016 496 mentis
1035 460 1165 496 oculos
1184 460 1225 495 in
1244 463 1284 495 te
1303 459 1468 507 defigere
1488 472 1495 503 ;

124 514 210 559 Quo
230 515 368 551 hausto
388 515 587 563 sapientiae
607 527 783 563 saporem
803 527 892 550 vere
911 513 1040 549 valeat
1059 527 1166 551 mens
1185 513 1416 561 intelligere,

123 567 414 604 Christianismi
434 568 547 604 fidem
568 569 748 617 operibus
768 567 969 613 redimere,
993 567 1184 617 beatoque
1204 566 1291 612 fine,

122 621 185 658 Ex
204 622 321 669 hujus
340 622 511 658 incolatu
532 622 672 667 saeculi,
694 625 830 657 auctor
849 620 897 656 ad
916 625 955 656 te
971 621 1148 658 transire.

211 675 275 711 Vel
294 676 469 719 Tractus,
491 675 525 711 si
545 675 655 723 infra
675 674 1003 723 Septzcayesinmm
1022 675 1193 711 evenerit.

204 728 339 765 Gaude
360 729 490 765 Maria
509 729 619 777 virgo
639 733 796 764 cunctas
816 728 978 764 haereses
998 728 1078 764 sola
1098 727 1342 765 interemisti.

131 782 168 819 V.
202 782 296 826 Quae
318 783 511 819 Gabi-ielis
530 782 750 830 archangeli
766 782 879 817 dictis
899 781 1106 819 credidisti.

129 836 166 872 V.
198 836 306 872 Dum
335 836 445 885 virgo
477 836 605 872 Deum
648 842 688 871 et
729 835 928 871 hominem
971 836 1152 884 genuisti,
1193 839 1232 872 et
1275 839 1362 884 post
1407 838 1563 882 partum
1605 833 1715 882 virgo

123 889 313 926 inviolata
335 889 590 938 permansisti.

131 944 166 981 V.
199 943 275 979 Dei
294 943 485 992 genetrix,
506 943 700 979 intercede
720 955 790 991 pro
809 942 930 978 nobis

201 1003 424 1041 Seczmdmn
444 1005 588 1041 Lucam
613 1003 677 1052 (ii.
701 1004 855 1053 22-32).

203 1059 253 1094 In
281 1058 348 1095 illo
380 1062 564 1107 tempore,
588 1058 802 1106 Postquam
832 1057 984 1106 impleti
1017 1061 1111 1094 sunt
1140 1058 1220 1094 dies
1253 1057 1494 1107 purgationis
1524 1070 1642 1105 vsqve
1667 1057 1718 1092 ml

121 1112 244 1162 plebis
264 1116 342 1148 tuae
363 1112 495 1148 Israel.

203 1166 336 1202 Credo.

205 1225 461 1272 Offertorz'um.

204 1280 292 1315 Ave
314 1279 442 1316 Maria
457 1279 583 1328 gratia
598 1280 722 1329 plena,
742 1280 937 1317 Dominus
956 1285 1085 1317 tecum
1099 1294 1109 1328 3
1138 1280 1342 1317 benedicta
1360 1285 1406 1317 tu
1420 1281 1462 1317 in
1477 1279 1716 1325 mulieribus,

121 1337 160 1370 et
180 1333 406 1369 benedictus
425 1333 577 1370 fructus
597 1335 746 1370 ventris
767 1334 837 1373 tui.

203 1394 365 1431 Seeretm

203 1449 372 1491 Exaudi,
406 1449 586 1494 Domine,
618 1463 748 1499 preces
784 1454 936 1486 nostras
950 1463 960 1496 3
1002 1454 1053 1495 et,
1085 1454 1130 1486 ut
1164 1449 1282 1499 digna
1318 1450 1397 1486 sint
1434 1462 1597 1485 munera
1633 1461 1718 1497 quae

123 1503 242 1539 oculis
268 1507 346 1539 tuae
365 1504 587 1554 'majestatis
611 1504 817 1551 offerimus,
848 1504 1065 1540 subsidium
1094 1508 1171 1540 tuae
1200 1503 1358 1552 pietatis
1386 1503 1497 1539 nobis
1525 1502 1716 1552 impende.

124 1556 209 1593 Per.

201 1609 401 1658 Prsefatz'O.
463 1610 539 1654 Qui
559 1624 628 1659 per
647 1611 848 1648 incarnati.
911 1609 978 1662 [Et
997 1610 1074 1647 laceo
1093 1610 1269 1659 Prqf'atz'o
1290 1611 1446 1647 dicatur
1466 1610 1540 1646 siz-e
1561 1609 1720 1658 ,S‘eptna-

119 1664 264 1712 (sesima
277 1664 456 1712 precedat
476 1665 550 1701 sire
570 1664 907 1713 &flamma—MS.
928 1663 999 1716 A.]

205 1725 448 1763 C‘ommwcz'o.

203 1779 451 1828 Responsum
470 1780 618 1829 accepit
639 1779 809 1829 Symeon
823 1794 846 1816 a
862 1780 1013 1830 Spiritu
1030 1780 1172 1817 Sancto
1184 1793 1263 1816 non
1278 1780 1455 1816 visurum
1475 1792 1514 1815 se
1534 1782 1717 1815 mortem:

122 1833 199 1870 nisi
217 1833 369 1870 videret
390 1834 590 1870 Christum
611 1834 783 1872 Domini.

203 1895 525 1932 Posteommuw'o.

204 1949 444 1995 Quaesumus,
479 1949 648 1986 Domine
680 1950 787 1986 Deus
815 1955 958 1996 noster,
993 1954 1037 1986 ut
1067 1954 1309 1986 sacrosancta
1333 1949 1519 1998 mysteria
1538 1962 1623 1997 quae
1649 1961 1718 1997 pro

123 2003 379 2052 reparationis
408 2008 550 2040 nosti-ze
580 2004 795 2047 munimine
821 2004 1033 2050 contulisti,
1059 2004 1323 2041 intercedente
1342 2004 1457 2040 beata
1475 2016 1626 2051 semper
1644 2002 1720 2038 vir-

122 2056 212 2105 gine
238 2056 377 2103 Maria,
410 2062 449 2093 et
476 2070 645 2106 praesens
670 2058 782 2094 nobis
814 2058 1029 2095 remedium
1059 2071 1140 2094 esse
1172 2058 1291 2095 facias
1323 2062 1364 2094 et
1394 2057 1583 2093 futurum.
1643 2055 1720 2092 Per

125 2111 350 2148 Dominum.

287 2241 435 2278 Simon
466 2241 619 2286 Bmsn,
650 2252 828 2278 EP1scor1
859 2252 907 2277 ET
937 2251 1150 2277 MARTYRIS.
1222 2239 1292 2290 (iii.
1316 2239 1419 2276 Non.
1444 2238 1554 2287 Feb.)

209 2336 393 2383 Officia-m.
452 2335 681 2371 Laetabitur.

210 2388 353 2425 Oratio.

206 2443 465 2491 Omnipotens
485 2442 718 2491 sempiterne
739 2441 858 2487 Deus,
892 2441 959 2490 qui
990 2441 1148 2477 beatum
1179 2440 1356 2476 Blasium
1388 2439 1593 2489 praesulem
1624 2451 1720 2474 mar-

127 2500 330 2545 tyremque
349 2500 463 2532 tuum
482 2509 603 2545 agone
616 2496 840 2532 certaminis
867 2499 937 2531 tuo
964 2508 1094 2531 amore
1110 2494 1310 2540 roborasti,
1329 2493 1493 2530 concede
1514 2492 1717 2542 propitius,

125 2554 170 2587 ut
189 2551 248 2599 cuj
257 2563 298 2586 us
316 2550 563 2600 triumphum
582 2549 785 2586 recolimus
804 2549 847 2585 in
866 2548 991 2595 terris,
1010 2549 1041 2597 ej
1049 2561 1093 2585 us
1107 2548 1285 2597 precibus
1300 2548 1533 2597 adjuvemur
1547 2547 1588 2582 in
1604 2546 1716 2583 caelis

129 2604 214 2641 Per.

208 2657 393 2706 Epistola.
453 2657 598 2693 Beatus
617 2656 680 2692 vir
699 2657 767 2705 qui
786 2656 829 2692 in
848 2655 1048 2704 sapientia.

211 2711 387 2748 Gvradale.
446 2711 473 2747 J
476 2715 588 2747 ustus
607 2715 652 2746 ut
671 2711 809 2759 palma.

208 2765 405 2813 Alleluya.
472 2765 508 2802 Γ.
540 2765 567 2801 J
572 2770 682 2800 ustus
702 2777 781 2799 non
801 2763 1110 2799 conturbabitur.

208 2818 476 2866 Evcmyelizmn.
536 2818 627 2854 Nisi
645 2830 811 2866 granum
830 2816 1029 2853 frumenti.

213 2872 467 2919 Offertorium.
525 2872 577 2908 In
595 2872 754 2908 virtute.

212 2925 370 2963 Secreta.

213 2979 350 3026 Sacris,
371 2992 605 3028 quaesumus,
629 2978 810 3024 Domine,
831 2978 983 3028 placare
1003 2977 1142 3014 oblatis
1160 2992 1167 3015 :
1198 2981 1237 3014 et
1257 2976 1499 3027 supplicante
1519 2988 1589 3026 pro
1614 2974 1725 3012 nobis
