1979 3348
1721 265 1743 302 :n

742 267 867 308 Festa
896 266 999 306 Dece
1008 263 1152 305 mbrzts.

551 379 649 415 Erat
668 378 710 413 in
730 378 811 426 ejus
830 376 961 413 animo

605 432 736 468 Pietas
755 430 898 467 eximia
914 443 924 476 3

551 486 605 522 Et
623 484 815 534 oppressis
833 483 1083 532 impendebat

605 539 737 575 Multa
755 537 950 574 beneficia.

549 593 662 630 Auro
682 605 749 640 per
769 604 856 628 eum
876 589 1074 639 virginum

603 646 773 682 Tollitur
791 644 952 680 infamia
968 656 978 689 3

549 700 684 748 Atque
704 699 826 748 patris
846 697 1055 734 earundem

604 753 776 789 Levatur
794 751 934 800 inopia.

550 807 719 851 Quidam
737 809 866 842 nautae
886 804 1115 852 navigantes

602 861 655 896 Et
671 864 806 896 eontra
823 859 1012 895 fluctuum
1029 855 1223 893 saevitiam
1242 855 1447 898 luctantes.

602 914 710 950 Navi
730 926 838 962 poene
859 911 1057 956 dissoluta,

548 967 575 1004 J
579 980 641 1003 am
661 968 708 1004 de
728 967 811 1003 vita
830 966 1088 1014 desperantes,

603 1021 652 1058 In
667 1025 778 1057 tanto
793 1020 910 1069 positi
924 1018 1095 1069 periculo
1114 1016 1337 1062 clamantes,

601 1075 708 1112 Voce
728 1075 863 1110 dieunt
882 1086 1014 1110 omnes
1033 1085 1111 1108 una
1129 1086 1137 1108 2

548 1129 582 1165 O
604 1129 714 1165 beate
735 1128 772 1164 N
778 1127 908 1173 icolae,

601 1182 687 1219 Nos
706 1182 755 1218 ad
774 1181 892 1217 maris
912 1184 1068 1230 portum
1088 1179 1200 1216 trahe

602 1236 663 1272 De
682 1235 818 1272 mortis
838 1234 1018 1283 angustia
1036 1247 1046 1280 3

548 1290 675 1326 Trahe
694 1303 764 1326 nos
784 1290 832 1325 ad
851 1293 1008 1338 portum
1028 1287 1155 1333 maris,

602 1344 661 1379 Tu
681 1344 749 1392 qui
767 1347 828 1380 tot
847 1342 1050 1378 auxiliaris

601 1397 766 1434 Pietatis
785 1396 922 1445 gratia.

547 1452 655 1488 Dum
675 1451 887 1487 clamarent
905 1463 975 1485 nec
994 1449 1198 1493 ineassum,

601 1505 699 1541 Ecce
719 1504 877 1553 quidam
897 1504 1039 1548 dicens,
1063 1504 1210 1539 Assum

599 1559 666 1595 Ad
688 1563 818 1594 vestra
836 1557 1025 1606 praesidia.

547 1612 690 1648 Statim
711 1625 806 1648 aura
826 1612 941 1647 datur
959 1613 1083 1660 grata,

600 1666 654 1702 Et
673 1669 881 1714 tempestas
901 1664 947 1700 fit
965 1663 1109 1709 sedata,

600 1720 844 1764 Quieverunt
864 1718 996 1754 maria.

545 1774 608 1810 EX
628 1774 748 1822 ipsius
767 1773 904 1809 tumba
923 1776 1058 1808 manat

597 1827 810 1864 Unctionis
830 1826 949 1875 copia,

544 1881 639 1925 Quae
659 1881 834 1917 infirmos
854 1893 987 1916 omnes
1012 1883 1124 1915 sanat

597 1935 674 1972 Per
693 1935 723 1984 ej
732 1948 775 1971 us
795 1934 988 1982 suffragia.

543 1988 628 2025 Nos
648 1989 716 2037 qui
735 2001 868 2025 sumus
887 1989 929 2023 in
948 1987 1020 2023 hoc
1039 1986 1187 2023 mundo

597 2043 801 2079 Vitiorum
820 2043 863 2078 in
881 2041 1075 2091 profundo

597 2097 624 2133 J
628 2110 691 2133 am
711 2096 814 2145 passi
833 2095 1050 2145 naufragia,

547 2150 724 2187 Gloriose
745 2150 919 2194 Nicohe,

599 2204 666 2240 Ad
686 2204 821 2240 salutis
842 2208 998 2252 portum
1018 2201 1139 2247 trahe,

601 2258 685 2295 Ubi
703 2271 780 2306 pax
799 2261 839 2294 et
857 2257 988 2305 gloria.

547 2312 680 2361 Ipsam
699 2312 810 2347 nobis
829 2311 1053 2347 unctionem

599 2366 792 2414 Impetret
813 2379 835 2401 a
855 2364 1027 2401 Domino

600 2420 717 2456 Preee
737 2419 802 2468 pia
820 2432 826 2461 ;

547 2473 625 2518 Qui
644 2474 798 2509 sanavit
818 2472 1012 2508 laesionem

599 2527 819 2563 Multorum
841 2525 1106 2575 peccaminum

599 2581 650 2617 In
672 2581 804 2617 maria.

546 2634 668 2683 Cujus
687 2635 831 2671 festum
851 2634 1088 2670 celebrantes

600 2688 806 2725 Gaucleant
825 2701 894 2736 per
913 2686 1051 2723 saecula
1071 2699 1081 2732 3

545 2743 599 2779 Et
618 2746 776 2779 coronet
796 2755 859 2778 eos
881 2741 1061 2777 Christus

601 2796 698 2832 Post
725 2796 817 2831 vitae
837 2794 1038 2831 curricula.

229 2861 494 2910 Evanyelium.
554 2861 687 2897 Homo
707 2860 866 2909 quidam
886 2872 1054 2908 peregre.

232 2916 485 2963 Offertorium.
544 2915 715 2951 Veritas.

230 2969 390 3007 Secreta.

230 3023 447 3069 sanctifica,
478 3035 711 3073 quaesumus,
737 3020 919 3067 Domine,
942 3020 1071 3057 oblata
1104 3033 1276 3066 munera,
1306 3033 1391 3069 quae
1424 3020 1466 3056 in
1496 3018 1744 3057 veneratione
