1979 3348
254 311 337 351 244
967 308 1141 363 Hyries

1013 441 1090 478 IV.

774 517 931 563 Krine,
964 517 1072 554 Foxs
1102 527 1326 554 BomTATIs.

795 576 905 630 (York.
921 591 1040 628 8011101,
1055 591 1117 619 (md
1130 590 1306 629 Ileresorcl.)

247 661 386 711 Kyrie,
422 660 510 697 fons
541 659 745 704 bonitatis,
779 658 901 696 Pater
931 659 1117 708 ingenite,
1148 672 1171 695 a
1204 671 1281 708 quo
1316 662 1456 695 cuneta
1489 658 1592 695 bona
1621 659 1849 708 procedunt,

357 715 525 763 eleyson.

246 768 385 818 Kyrie,
408 768 477 817 qui
503 768 588 818 pati
611 767 766 804 Natum
795 767 935 804 mundi
964 780 1034 816 pro
1060 766 1235 813 erimine,
1257 766 1388 815 ipsum
1417 770 1463 803 ut
1492 766 1674 814 salvaret,
1694 767 1850 814 misisti,

358 823 526 871 eleyson.
1514 829 1517 831 ’

247 876 387 925 Kyrie,
408 875 508 925 *qui
541 875 778 925 septiformis
810 874 878 912 das
906 874 1008 912 dona
1038 872 1308 919 Pneumatisjs‘
1333 887 1357 910 a
1387 887 1464 923 quo
1493 874 1631 911 caelum
1659 878 1765 912 terra
1794 888 1851 912 re—

353 931 527 980 plentur,
549 930 715 978 eleyson.
1478 960 1480 962 ,

248 984 415 1030 Christe,
446 984 560 1021 unice
590 984 667 1020 Dei
697 983 828 1019 Patris
856 983 997 1033 genite,
1029 996 1145 1032 quem
1174 983 1220 1019 de
1248 981 1402 1030 virgine
1430 981 1675 1019 naseiturum
1703 983 1850 1019 mundo

354 1037 516 1074 mirifice
536 1037 662 1074 saneti
680 1038 950 1087 praedixerunt
969 1037 1178 1086 prophetae,
1202 1036 1369 1084 eleyson.

260 1092 402 1129 lhriste
435 1091 532 1141 agie,
564 1091 647 1128 eaeli
684 1104 838 1140 compos
868 1091 995 1140 regiae,
1026 1091 1146 1127 melos
1178 1090 1311 1140 gloriae
1342 1090 1404 1127 0111
1437 1103 1588 1139 semper
1616 1094 1747 1127 astans
1779 1104 1849 1139 pro

354 1159 515 1182 munere
534 1145 761 1195 angelorum
780 1145 962 1181 decantat
981 1157 1092 1193 apex,
1114 1145 1280 1194 eleyson.

249 1199 415 1246 Christe,
446 1199 595 1236 caelitus
621 1199 765 1235 nostris
791 1199 886 1235 assis
918 1199 1110 1247 precibus,
1133 1198 1267 1248 pronis
1296 1197 1494 1234 mentibus
1520 1210 1636 1246 quem
1663 1197 1707 1234 in
1735 1198 1850 1235 terris

357 1253 499 1290 devote
519 1253 691 1299 colimus,
714 1252 763 1289 ad
782 1257 833 1299 te,
856 1253 919 1302 pie
938 1252 965 1289 J
970 1265 1049 1299 esu,
1072 1253 1295 1299 clamantes,
1317 1251 1485 1300 eleyson.

252 1307 391 1357 Kyrie,
413 1307 584 1357 Spiritus
602 1307 716 1352 alme,
736 1306 932 1343 cohaerens
961 1306 1074 1343 Patri
1102 1306 1300 1357 Natoque,
1321 1305 1440 1342 unius
1467 1305 1562 1342 usiae
1591 1305 1846 1352 consistendo,

359 1362 515 1402 fluens†
533 1362 582 1398 ab
602 1365 781 1410 utroque,
805 1360 972 1408 eleyson.

252 1415 391 1464 Kyrie,
423 1415 491 1465 qui
518 1415 716 1464 baptizato
742 1415 782 1451 in
811 1414 839 1451 J
843 1414 987 1451 orclane
1015 1413 1122 1451 unda
1151 1413 1308 1452 Christo
1338 1412 1526 1463 effulgens
1555 1413 1680 1463 speeie
1708 1413 1850 1450 colum-

358 1470 451 1506 bina
470 1469 696 1518 apparuisti,
717 1468 882 1517 eleyson.

250 1523 389 1573 Kyrie,
409 1523 510 1559 101115
530 1523 675 1569 divine,
695 1527 853 1572 pectora
872 1526 1005 1559 nostra
1024 1522 1226 1570 succende,
1248 1527 1294 1560 ut
1314 1523 1426 1572 digni
1444 1522 1593 1572 pariter
1611 1521 1849 1571 proclamare

356 1557 549 1628 possimus
568 1590 731 1627 semper,
754 1576 920 1626 eleyson.

883 1795 1201 1832 CUNcrfforms.
1209 1795 1230 1845 ss

793 1868 903 1906 (Yo‘rlc,
914 1868 1034 1906 Sarum,
1048 1868 1111 1897 aad
1123 1868 1301 1907 Ilerqfhrd.)

463 1939 746 1988 Cunetipotens
764 1938 929 1987 genitor,
952 1938 1071 1985 Deus,
1093 1938 1269 1975 onmium
1290 1942 1450 1985 creator,
1473 1938 1638 1988 eleyson.

461 1994 568 2030 Fons
587 1998 627 2030 et
646 1993 752 2041 origo
772 1991 877 2038 boni,
899 1992 974 2041 pie,
994 1992 1142 2041 luxque
1162 1993 1354 2041 perennis,
1375 1993 1540 2041 eleyson.

453 2047 661 2084 ,Salvifieet
679 2047 804 2095 pietas
823 2050 894 2082 tua
911 2058 993 2092 nos,
1014 2046 1114 2083 bone
1134 2051 1272 2092 rector,
1293 2046 1459 2095 eleyson.

460 2101 627 2147 Christe,
651 2099 728 2136 Dei
747 2099 939 2149 splendor,
959 2100 1099 2147 virtus,
1123 2099 1331 2149 Patrisque
1350 2100 1496 2150 sophia,
1519 2100 1683 2149 eleyson.

458 2154 670 2192 Plasmatis
689 2154 854 2190 humani
872 2153 1005 2200 factor,
1028 2153 1127 2203 lapsi
1146 2159 1358 2203 reparator,
1378 2155 1544 2203 eleyson.

456 2209 521 2246 Ne
540 2213 611 2245 tua
631 2208 849 2254 damnetur,
870 2207 898 2244 J
903 2220 979 2254 esu,
1001 2207 1164 2255 factura,
1186 2208 1353 2257 benigne
1373 2208 1539 2257 eleyson.

457 2263 682 2300 Amborum
702 2274 853 2298 sacrum
876 2261 1082 2310 Spiramen
1101 2275 1226 2299 nexus
1245 2275 1441 2312 amorque,
1462 2262 1628 2311 eleyson.

459 2316 680 2353 Procedens
699 2315 833 2361 fomes,
853 2316 946 2352 vitae
966 2315 1063 2362 fons,
1086 2316 1333 2353 sanctificans
1352 2317 1423 2362 vis,
1444 2316 1610 2366 eleyson.

464 2371 662 2420 Purgator
678 2369 814 2419 eulpae,
835 2369 959 2406 veniae
979 2369 1143 2419 largitor
1163 2370 1311 2419 opimae,

462 2424 639 2462 Offensas
658 2423 754 2469 dele,
776 2436 882 2460 sacro
900 2436 971 2460 nos
990 2436 1152 2461 munere
1171 2424 1287 2474 reple,

463 2478 635 2528 Spiritus
654 2477 766 2524 alme,
788 2477 952 2526 eleyson.

853 2692 887 2729 O
917 2691 1011 2728 REX
1040 2704 1230 2731 CLEMENS.

862 2766 961 2803 (ΓΜ-λ·
976 2767 1037 2795 ancl
1050 2767 1226 2806 Here-ford.)

461 2836 494 2873 O
514 2848 585 2872 rex
604 2835 782 2881 clemens,
805 2848 876 2871 1οΧ
895 2836 1154 2885 omnipotens,
1177 2836 1342 2886 eleyson.

461 2889 651 2927 Conditor
669 2889 732 2938 pie
751 2889 995 2937 immortalis,
1017 2890 1183 2939 eleyson.

249 3028 272 3057 P
326 2991 341 3005 ³*
362 2986 572 3038 Libvg-ssqui
601 2985 794 3024 septiformis
821 2985 900 3014 daus
930 2986 1013 3015 dona
1045 2987 1246 3026 Pneumate,''
1274 2998 1309 3018 or
1337 2989 1421 3028 α,(1111
1457 2989 1637 3027 septiformi
1671 2988 1726 3018 das
1760 2988 1841 3017 (lona

277 3031 429 3057 neumate.

323 3068 339 3106 †
362 3067 430 3095 The
451 3065 579 3104 printed
600 3063 758 3094 Hereford
779 3064 891 3094 Missal
910 3065 966 3094 has
987 3065 1125 3095 “flans'’
1343 3068 1360 3106 ss
1384 3067 1442 3097 See
1456 3067 1516 3097 No.
1533 3067 1643 3097 XXII.
