1979 3348
244 238 324 277 160
498 235 562 277 Iu
586 236 1007 278 Commemoratione
1029 236 1160 278 beata}
1179 236 1344 279 Marica
1372 237 1587 293 Vbrgyz'uis.

323 346 501 384 Gradale.

321 400 502 437 Christus
529 400 655 437 sactus
683 404 741 437 est
767 414 839 449 pro
867 401 980 437 nobis
1008 401 1192 437 obediens
1222 415 1346 451 usque
1375 402 1423 439 ad
1453 406 1643 440 mortem:
1672 407 1837 440 mortem

241 458 374 491 autem
394 455 530 491 crucis.

252 508 290 544 V.
326 508 493 558 Propter
511 508 614 557 quod
634 513 673 544 et
692 508 801 544 Deus
821 508 1011 544 exaltavit
1030 508 1142 545 illum
1160 523 1167 545 :
1196 514 1235 546 et
1254 509 1362 545 dedit
1390 509 1450 546 illi
1477 523 1619 547 nomen
1648 511 1753 559 quod
1780 515 1839 547 est

243 575 360 611 super
378 575 492 598 omne
510 575 663 598 nomen.

322 616 519 664 Alleluya.
586 615 622 652 V.
660 615 786 652 Dulce
816 615 980 664 lignum,
1012 615 1142 652 dulces
1171 615 1309 662 elavos,
1341 616 1468 652 dulcia
1498 617 1624 654 ferens
1656 618 1838 667 pondera,

243 683 328 718 quae
349 670 429 706 sola
447 669 557 705 fuisti
577 669 695 718 digna
713 670 904 706 sustinere
923 683 1053 719 regem
1073 670 1254 706 caelorum
1274 675 1313 706 et
1333 669 1560 708 Dominum.

319 723 537 771 Sequentia„
599 723 753 760 Laudes
773 723 908 760 crucis.

322 778 544 814 Secundum
563 776 794 813 Mcaclaceum
813 777 896 826 (arr.
922 777 1072 827 17-19).

323 831 374 867 In
393 831 461 867 1110
481 836 665 879 tempore,
683 831 910 867 Ascendens
928 831 955 868 J
958 844 1044 867 esus
1065 831 1391 881 Hierosolymam,
1412 832 1620 881 assumpsit
1640 831 1841 869 duodecim

243 885 451 934 discipulos
469 898 587 933 usque
607 886 659 921 acl
678 885 797 921 tertio
817 885 879 921 die
898 889 1082 934 resurget.

324 939 545 975 ›s'ecumlum
563 938 598 973 J
596 938 785 975 ohannem
803 938 894 987 (ocii.
919 939 1069 988 31-36).

324 992 376 1028 In
395 993 461 1028 illo
482 997 664 1042 tempore,
686 992 803 1029 Dixit
822 992 849 1029 J
852 1006 938 1030 esus
958 993 1083 1029 turbis
1100 1006 1108 1037 ;
1137 993 1256 1029 Nunc
1282 997 1339 1029 est
1364 993 1560 1042 judicium
1580 1007 1699 1042 usque
1718 993 1773 1030 ad
1797 997 1842 1030 ut

245 1046 316 1082 filii
336 1046 434 1083 lucis
453 1046 548 1083 sitis.

328 1100 582 1148 Qffertorz'um.

328 1154 506 1203 Protege,
529 1154 708 1199 Domine,
726 1154 878 1203 plebem
898 1158 1007 1190 tuam
1026 1167 1096 1203 per
1114 1153 1270 1203 signum
1290 1159 1432 1191 sanctae
1452 1156 1575 1191 crucis
1595 1155 1643 1191 ab
1663 1154 1844 1191 omnibus

244 1207 396 1244 insidiis
415 1208 664 1244 inimicorum
684 1208 859 1244 omnium
876 1222 883 1244 :
911 1212 958 1244 ut
976 1208 1050 1244 tibi
1070 1212 1222 1256 gratam
1253 1209 1505 1245 exhibeamus
1531 1209 1774 1254 servitutem,
1805 1212 1845 1244 013

244 1262 480 1310 acceptabile
498 1261 574 1297 tibi
593 1262 662 1298 fiat
681 1262 913 1298 sacrificium
932 1265 1123 1308 nostrum,
1145 1262 1326 1311 alleluya.

326 1315 487 1352 Secreta.

328 1369 427 1406 Haec
457 1369 615 1416 oblatio,
641 1369 822 1415 Domine,
843 1382 1075 1418 quaesumus,
1106 1370 1155 1406 ab
1185 1369 1365 1406 omnibus
1394 1383 1464 1406 nos
1498 1373 1638 1418 purget
1668 1368 1822 1406 offensis
1836 1381 1846 1415 ;

247 1436 333 1472 quae
362 1424 404 1459 in
437 1437 505 1460 ara
534 1424 657 1460 crucis
690 1424 891 1460 immolata
924 1423 1042 1460 etiam
1075 1423 1197 1460 totius
1235 1424 1372 1460 mundi
1409 1423 1504 1460 tulit
1537 1424 1712 1460 offensas.
1771 1422 1847 1459 Per

246 1477 423 1515 eundem.

327 1531 525 1580 Praefatio.
587 1531 664 1576 Qui
684 1532 861 1568 salutem.

331 1584 569 1623 Commuuio.

330 1638 407 1676 Per
425 1639 577 1688 lignum
596 1639 698 1675 servi
717 1639 811 1675 facti
830 1652 964 1675 sumus
980 1653 986 1675 :
1008 1642 1047 1675 et
1059 1652 1128 1688 per
1147 1643 1319 1675 sanctam
1340 1652 1493 1675 crucem
1512 1638 1669 1675 liberati
1688 1650 1821 1674 sumus
1837 1651 1844 1674 :

249 1693 400 1730 fructus
420 1693 568 1730 arboris
589 1693 745 1729 seduxit
764 1706 835 1729 nos
852 1708 859 1730 :
887 1693 1012 1729 Filius
1033 1693 1109 1729 Dei
1129 1693 1294 1729 redemit
1309 1706 1392 1739 1105,
1409 1693 1587 1741 alleluya.

330 1747 648 1784 Postoommuuio.

331 1801 482 1837 Adesto
512 1801 634 1846 nobis.
668 1800 838 1837 Domine
868 1800 977 1837 Deus
1006 1805 1139 1837 noster
1150 1813 1160 1847 3
1201 1804 1240 1837 et
1273 1814 1368 1849 quos
1400 1804 1542 1837 sanctae
1567 1799 1690 1836 crucis
1722 1798 1848 1835 laetari

251 1855 345 1891 facis
363 1855 520 1902 honore,
541 1855 624 1904 ejus
643 1867 797 1904 quoque
815 1855 1013 1904 perpetuis
1033 1854 1195 1892 defende
1214 1854 1404 1891 subsidiis.
1465 1854 1550 1890 Per.

745 2025 810 2061 DE
839 2024 1010 2061 D0M1NA
1040 2035 1083 2061 IN
1112 2024 1327 2061 ADVENTU.

336 2123 521 2171 Officium.
581 2123 729 2160 Rorate
745 2123 828 2160 caeli
847 2123 1022 2172 desuper,
1043 2136 1168 2171 quaere
1193 2122 1310 2159 Ferz'a
1328 2127 1469 2170 quarta
1485 2126 1571 2173 post
1590 2119 1839 2157 Domiuicam

256 2178 409 2215 tertiam
427 2177 636 2214 Adventus.

338 2231 484 2268 Oratio.

336 2286 456 2330 Deus,
478 2285 546 2334 qui
579 2285 625 2321 de
656 2285 779 2320 beatae
815 2284 954 2321 Mariae
985 2298 1136 2334 semper
1168 2284 1334 2334 virginis
1367 2288 1479 2321 utero
1508 2283 1689 2320 Verbum
1708 2285 1835 2327 tuum,

254 2340 391 2389 angelo
419 2339 640 2384 nuntiante,
663 2351 819 2375 carnem
852 2339 1044 2388 suscipere
1076 2339 1265 2385 voluisti,
1293 2343 1434 2388 praesta
1467 2336 1708 2387 supplicibus
1742 2335 1832 2380 tuis,

257 2398 302 2430 ut
321 2393 389 2442 qui
404 2406 495 2430 vere
515 2406 600 2429 eam
619 2393 848 2441 genitricem
868 2393 944 2430 Dei
973 2393 1179 2438 credimus,
1197 2393 1281 2441 ejus
1300 2392 1403 2442 apud
1431 2396 1472 2429 te
1496 2389 1840 2428 intercessionibus

255 2448 498 2496 adjuvemur.
557 2447 636 2483 Per
655 2447 834 2483 eundem.

336 2501 462 2538 Lectio
485 2500 615 2537 Esaiae
637 2500 841 2548 Prophetce.

338 2555 387 2590 Iu
418 2555 554 2590 diebus
585 2554 675 2599 illis,
710 2554 883 2591 Locutus
913 2559 973 2591 est
1006 2555 1201 2591 Dominus
1227 2555 1275 2591 ad
1305 2554 1449 2599 Achaz,
1472 2554 1602 2590 dicens
1634 2563 1754 2599 usque
1787 2550 1839 2586 acl

257 2609 397 2657 eligere
417 2609 575 2654 bonum,
597 2621 721 2656 quaere
740 2608 808 2646 ubi
822 2615 874 2645 est
896 2607 1081 2657 Officium.

340 2661 518 2699 Gradale.
577 2662 718 2698 Tollite
737 2667 881 2711 portas,
901 2663 1105 2712 principes,
1127 2667 1284 2699 vestras.

266 2716 303 2754 V.
336 2716 434 2761 Quis
453 2715 645 2752 ascendat.

337 2770 533 2818 Alleluya.
600 2770 637 2806 V.
668 2770 759 2806 Ave
789 2770 928 2817 Maria,
950 2771 1077 2820 gratia
1095 2771 1219 2820 plena,
1243 2769 1436 2807 Dominus
1465 2773 1618 2815 tecum,
1638 2768 1841 2806 benedicta

258 2829 305 2861 tu
324 2824 367 2860 in
385 2823 626 2860 mulieribus

338 2877 553 2926 Sequentia.
612 2877 745 2913 Mittit
764 2877 812 2913 ad
827 2878 1030 2927 virginem.

338 2931 432 2968 Alia
450 2931 666 2979 Sequentia.
726 2931 873 2968 11115505
894 2932 1062 2969 Gabriel.

339 2985 433 3023 Alia
451 2984 667 3034 Sequentia.
726 2985 904 3022 Verbum
924 2987 1068 3022 bonum
1089 2990 1128 3022 et
1147 2999 1274 3032 suave,
1296 2992 1339 3023 uz?
1362 2986 1399 3023 ἱη
1424 2984 1642 3024 Communi.
