1979 3348
269 169 351 209 302
985 165 1148 207 Prosae.

268 276 476 326 Perspicua
508 276 613 313 iuter
639 289 736 326 quos
769 276 909 313 emicat
936 275 1085 324 inclyta
1112 275 1275 312 Domini
1303 288 1456 325 gemma
1484 276 1678 325 stelligera
1707 276 1859 313 AEthel-

375 330 524 367 woldus
542 331 659 367 curia.

270 385 397 429 Quem
425 384 594 434 Anglica
624 386 787 420 honorat
811 383 949 432 patria,
980 382 1116 419 laudat
1145 386 1185 419 et
1214 382 1291 419 Dei
1321 383 1464 420 dilecta
1491 384 1659 430 ecclesia,
1691 387 1797 420 amat
1824 388 1863 420 et

376 438 484 487 plebs
503 438 641 474 caelica.

270 492 349 537 Qui
367 491 508 541 praesul
537 491 685 528 excelsa
704 490 838 527 docuit
856 489 1009 539 Anglos
1027 489 1111 526 caeli
1129 490 1310 527 scandere
1329 490 1475 539 palatia
1502 503 1571 527 sua
1590 504 1658 540 per
1685 491 1863 539 exempla

378 545 516 582 lucida.

271 599 391 636 Modo
428 604 468 635 et
500 599 690 634 immensa
719 597 861 647 gaudia
889 597 1018 644 habet,
1050 610 1136 646 quae
1172 610 1322 646 semper
1355 597 1507 646 optavit
1537 597 1580 633 in
1609 597 1684 634 ista
1707 611 1864 635 versans

376 652 533 689 mortali
552 652 725 688 tristitia.

271 707 379 756 Hinc
398 706 473 742 tibi
491 706 555 750 sit,
579 705 746 751 Christe,
769 705 902 754 gloria,

270 761 360 804 Via,
382 761 463 806 lux,
487 759 639 805 veritas,
662 772 816 808 paxque
836 763 995 796 tuorum
1013 758 1146 795 omnia
1163 771 1232 808 per
1250 762 1425 808 tempora
1443 771 1453 805 ς

271 814 412 851 Caelica
430 827 498 863 per
517 821 651 862 quem*
670 813 791 862 pollet
809 812 1101 850 AEthelwoldus
1115 812 1157 848 in
1176 812 1275 849 aula.

272 868 350 905 Pro
369 867 520 904 meritis
545 867 603 916 cuj
612 880 656 903 us
676 880 780 903 nunc
801 870 953 903 nostras
971 879 1103 916 preces
1122 870 1163 903 et
1181 879 1342 903 munera
1363 865 1434 902 hac
1453 866 1568 902 domo
1588 879 1695 903 sacra
1719 866 1867 915 suscipe

377 934 447 971 per
465 921 617 966 saecula,
641 921 799 969 χιι-10111111
818 925 857 957 et
875 920 1026 970 fulgida
1044 933 1115 957 nos
1134 933 1272 957 revoca
1291 920 1339 956 ad
1358 920 1438 956 alta
1455 933 1462 956 :

272 976 359 1020 Quo
379 975 479 1011 stola
498 988 616 1012 aurea
634 988 774 1011 corona
793 979 832 1011 et
856 974 1022 1023 gloriosa
1040 980 1218 1023 comptus
1237 974 1436 1024 promicat.

272 1029 412 1066 Pastor
430 1029 493 1066 hic
513 1028 654 1065 rutilus
673 1028 821 1077 lampas
841 1028 1021 1065 Ecclesiae
1041 1033 1183 1065 sanctae
1202 1028 1297 1064 satis
1316 1027 1474 1076 inclyta,

272 1083 300 1120 J
301 1097 365 1120 am
395 1083 434 1119 111
442 1088 500 1119 ter
526 1095 693 1131 superna
727 1095 931 1118 coruscans
964 1082 1091 1118 sidera
1117 1082 1159 1118 111
1193 1086 1401 1130 conspectu
1432 1081 1596 1119 Domini
1629 1081 1735 1118 sidus
1762 1095 1867 1119 nunc

378 1150 540 1173 aureum
560 1136 667 1172 omni
685 1135 880 1172 virtutum
901 1135 1022 1185 gloria
1040 1150 1047 1172 :

272 1191 390 1228 Sacra
417 1190 486 1239 qui
513 1189 664 1226 talenta
688 1189 902 1239 prudenter
929 1189 1125 1239 dispersit,
1146 1189 1362 1239 duplicavit
1392 1189 1531 1238 lingua
1559 1189 1781 1238 doctiloqua
1799 1203 1869 1239 pro

378 1244 454 1280 sibi
474 1244 601 1293 palma
620 1243 755 1280 futura
773 1256 923 1292 supera.

272 1299 326 1335 Et
344 1298 436 1347 quia
456 1302 589 1334 nostra
607 1297 747 1334 merita
765 1310 843 1334 non
863 1297 998 1334 valent
1016 1297 1192 1333 obtinere
1209 1296 1316 1342 talia,

271 1353 355 1388 Tua
376 1365 445 1388 uos
464 1352 557 1396 sola,
577 1351 758 1397 Domine,
779 1351 939 1401 adjuvet
956 1351 1126 1400 petimus
1145 1350 1360 1396 clementia,

274 1406 369 1451 Quae
387 1419 458 1442 nos
477 1418 629 1454 semper
648 1405 827 1442 muniat:

272 1460 325 1496 Et
345 1460 419 1509 piis
439 1460 616 1508 precibus
635 1459 730 1495 almi
749 1459 928 1495 omnibus
945 1458 1203 1495 AEthelwoldi
1221 1458 1354 1495 relaxa
1372 1459 1621 1508 peccamina;

272 1513 399 1550 Nobis
419 1514 524 1563 pacis
544 1519 720 1562 tempora
739 1517 778 1550 et
797 1517 938 1562 praesta
957 1525 1187 1562 semperque
1206 1513 1474 1562 prosperrima.

272 1568 410 1617 Regna
428 1567 592 1604 concede
612 1567 726 1603 beata
744 1571 899 1603 sanctor
902 1580 968 1603 um
987 1567 1029 1603 in
1047 1566 1171 1617 gloria
1190 1571 1230 1603 et
1249 1570 1383 1603 sancta
1409 1567 1668 1604 tabernacula.

274 1622 359 1659 Ubi
377 1626 490 1671 pater
507 1634 660 1667 aureus,
681 1634 797 1670 quem
816 1625 950 1657 nostra

274 1676 419 1712 Cantat
437 1689 543 1712 1111110
562 1688 732 1712 camaena
751 1688 918 1712 consono
937 1677 1127 1711 concentu
1147 1675 1341 1712 resultans
1360 1676 1522 1721 cantica,

272 1730 357 1766 Tua.
376 1729 591 1778 perfruitur
609 1729 692 1765 sine
711 1729 788 1765 fine
806 1729 1029 1765 veneranda
1047 1729 1266 1777 praescntia,

275 1783 378 1828 Quia
395 1788 436 1820 te
455 1783 580 1820 solum
601 1783 740 1819 dilexit
761 1782 978 1819 Dominum
1006 1795 1122 1831 super
1140 1783 1282 1828 omnia,

274 1837 359 1874 Tua
372 1837 525 1887 jugiter
544 1836 739 1885 complens
758 1836 926 1873 fideliter
938 1837 1048 1885 jussa
1067 1836 1204 1873 caelica.

275 1891 397 1940 Cujus
416 1904 485 1940 per
504 1904 612 1927 sacra
631 1890 815 1940 suffragia

275 1945 423 1981 Nostra
442 1944 610 1981 emunda
629 1944 851 1993 praecordia,

274 1999 353 2044 Qui
371 2012 510 2049 regnas
529 2011 598 2048 per
616 1998 766 2035 saecula.

980 2137 1160 2174 XLVII.

274 2235 341 2272 Ad
355 2234 564 2283 Sequentia
584 2234 866 2271 Hieronimum
886 2244 940 2270 DE
959 2244 1111 2272 SANcTo
1139 2245 1426 2272 MONACHORUM
1454 2235 1593 2272 PATRE
1621 2235 1866 2274 BENEmo‘ro.

357 2309 554 2359 Alleluya.

274 2382 391 2417 ARCE
419 2391 603 2418 SUPERNA
630 2391 787 2418 CUNCTA
806 2380 875 2430 qui
893 2381 1086 2430 gubernat
1105 2380 1240 2418 sidera.

275 2435 394 2484 Regit
413 2448 507 2471 arva
526 2435 683 2484 pariter,
706 2434 931 2471 moderatur
949 2435 1084 2479 maria,
1108 2435 1177 2484 qui
1195 2436 1344 2472 creavit
1363 2436 1505 2481 omnia,

276 2489 391 2525 Plebs
410 2488 453 2524 in
472 2489 562 2525 aula
581 2489 708 2525 dicata
727 2488 789 2537 pie
810 2488 966 2525 Christo
986 2493 1142 2538 precata
1161 2502 1266 2527 nunc
1285 2489 1439 2527 effunde
1457 2490 1609 2536 devota,

276 2542 571 2591 Patronumque
591 2542 848 2579 Benedictum
867 2555 995 2579 exora.

277 2596 377 2633 Cum
395 2596 521 2633 salute
549 2596 785 2646 sempiterna
803 2596 958 2633 veniam
987 2597 1115 2647 capias
1134 2610 1211 2646 quo
1231 2597 1421 2635 caelestem
1449 2598 1531 2647 ejus
1549 2603 1683 2635 sancta
1707 2611 1870 2649 sequens

384 2650 631 2699 exemplaria.

277 2703 338 2740 Ut
370 2704 480 2751 cujus
509 2704 636 2740 otians
668 2704 865 2741 veneraris
897 2704 997 2741 festa
1027 2704 1211 2754 praeclara
1239 2718 1325 2754 quae
1355 2706 1485 2743 nitent
1512 2706 1554 2742 in
1573 2706 1665 2743 orbe
1699 2707 1868 2757 annique

383 2757 537 2794 revexit
555 2758 693 2794 orbita.

278 2811 392 2848 Illius
411 2811 453 2847 in
472 2811 543 2848 hac
563 2811 652 2849 sede
671 2812 865 2849 tumulata
880 2811 974 2850 dum
994 2813 1168 2850 membra
1186 2812 1292 2851 fuere
1312 2814 1424 2851 beata
1443 2827 1571 2852 coram
1590 2827 1675 2865 quae
1690 2815 1869 2866 jungaris

384 2878 537 2916 organa.

952 2927 966 2942 '⁶
988 2926 1195 2966 his—quod,
