1979 3348
493 209 555 251 In
583 208 847 251 Visitatione
876 214 1037 251 sanctoe
1067 210 1241 251 Marica.
1578 213 1660 256 237

77 319 214 368 Hay'us
231 319 310 356 diei
327 319 433 356 Festi
439 319 602 369 plenum
615 318 676 356 liic
694 320 866 368 sequitur
884 320 1082 357 servitiam
1093 321 1302 358 secandam
1321 334 1436 358 usum
1448 322 1664 370 praesertim

77 373 360 411 Eboracensem.

158 443 225 479 Ad
242 443 416 479 Elissam.
477 442 662 491 Officium.

160 496 406 533 Gaudeamus
430 510 562 533 omnes
586 497 628 533 in
653 498 834 543 Domino,
855 497 958 533 diem
988 497 1132 534 festum
1163 498 1401 535 celebrantes
1424 499 1495 535 sub
1521 499 1666 535 honore

80 549 217 586 Mariae
236 549 412 599 virginis,
431 551 477 587 de
497 551 607 600 cujus
624 551 862 588 Visitatione
881 551 1054 600 gaudent
1072 553 1200 601 angeli
1219 557 1258 588 et
1277 552 1500 589 collaudant
1520 552 1665 588 Filium

81 603 166 641 Dei.

158 656 212 693 In
231 663 390 706 tempore
410 659 579 706 Paschae,
600 658 795 707 Alleluya.

161 710 354 750 Psalmus.

159 764 367 803 Eructavit
387 780 452 803 cor
469 779 600 803 meum
618 766 782 802 verbum
801 766 964 803 bonum:
990 766 1076 802 dico
1095 779 1165 815 ego
1185 779 1300 816 opera
1318 780 1404 803 mea
1422 767 1513 816 regi.

162 817 305 857 Oratio.

161 871 357 923 Deus,qui
369 873 665 911 sacratissimam
671 873 863 922 virginem
876 873 1046 910 Mariam
1061 873 1255 922 unigeniti
1270 874 1331 910 tui
1344 878 1510 911 matrem
1522 878 1669 911 mutuae

81 926 353 963 consolationis
381 927 507 976 gratia
534 928 687 964 beatam
712 927 914 963 Elisabeth
944 927 1101 963 visitare
1126 928 1264 974 fecisti,
1291 928 1454 965 concede
1478 928 1671 977 propitius

83 979 193 1015 nobis
225 981 380 1018 famulis
412 981 502 1026 tuis,
524 985 570 1017 ut
598 994 646 1017 ex
675 981 758 1029 ejus
785 981 1076 1017 visitationibus
1109 981 1261 1017 assidue
1294 983 1548 1027 consolemur,
1577 986 1616 1019 et
1648 996 1671 1018 a

82 1034 231 1070 cunctis
250 1035 552 1071 adversitatibus
571 1038 640 1070 tuo
660 1034 876 1071 munimine
895 1038 1152 1084 protegamur.
1212 1035 1289 1071 Per
1307 1036 1483 1072 eundem.

163 1087 357 1125 splemoria
377 1095 421 1124 ut
441 1088 636 1136 continyit.

164 1141 350 1190 Epistola.
408 1142 534 1179 Lectio
553 1142 664 1178 Libri
683 1141 891 1191 Sapientiae
910 1141 1048 1190 (Cant.
1073 1141 1322 1179 Canticorztm
1342 1143 1357 1179 i
1362 1144 1382 1179 ἱ.
1407 1143 1531 1193 8-14).

163 1195 247 1244 Ego
265 1196 334 1232 fios
354 1196 481 1245 campi
499 1200 538 1233 et
557 1196 685 1232 lilium
705 1196 940 1233 convallium
959 1209 1076 1244 usquc
1097 1197 1148 1232 act
1167 1197 1283 1233 facies
1301 1202 1371 1233 tua
1390 1197 1535 1234 decora.

167 1248 344 1286 Gradaie.

163 1302 378 1340 Benedicta
393 1307 432 1340 et
446 1303 691 1350 venerabilis,
705 1309 748 1340 ut
761 1303 806 1340 ‘in
821 1304 1169 1341 commemoratione
1177 1310 1264 1352 post
1284 1303 1440 1341 Festum
1456 1304 1670 1341 Trinitatis.

169 1355 342 1407 Tractus.
700 1398 702 1400 ,

166 1410 396 1461 Magnificat
414 1411 545 1447 anima
563 1424 648 1447 mea
668 1411 883 1447 Dominum
903 1411 1033 1448 Deum
1054 1411 1211 1449 Patrem
1230 1411 1271 1448 in
1291 1412 1464 1449 excelsis.

94 1463 132 1500 V.
169 1464 223 1501 Et
242 1465 458 1501 exsultavit
476 1465 635 1514 spiritus
654 1478 763 1502 meus
782 1465 824 1500 in
844 1464 929 1501 Deo
948 1465 976 1501 J
980 1478 1045 1502 esu
1065 1465 1227 1501 salutari
1247 1479 1341 1502 meo.

92 1517 132 1555 V.
168 1518 271 1563 Quia
290 1518 508 1555 Paraclitus
527 1519 698 1567 respexit
716 1518 981 1555 humilitatem
1005 1519 1154 1555 ancillae
1176 1532 1254 1555 suae
1271 1533 1277 1555 :
1308 1532 1392 1556 ecce
1411 1520 1517 1556 enim
1536 1533 1585 1557 ex
1604 1521 1676 1556 hoc

86 1571 242 1609 beatam
262 1585 323 1608 me
343 1572 473 1609 dicent
493 1585 625 1608 omnes
643 1573 921 1622 generationes

94 1625 133 1663 V.
169 1627 247 1663 Dei
266 1639 355 1675 ergo
374 1627 566 1675 genetrix,
588 1627 702 1662 beata
720 1626 831 1675 virgo
851 1626 992 1671 Maria,
1012 1626 1208 1663 intercede
1227 1640 1296 1676 pro
1316 1627 1438 1663 nobis.

177 1680 240 1717 Vel
257 1680 324 1716 iste
343 1694 499 1728 sequens
521 1679 683 1717 Tractus
701 1679 866 1725 dicatur,
888 1680 922 1716 si
935 1680 1069 1728 placet.

98 1732 137 1770 V.
172 1733 375 1770 Visitante
394 1737 433 1770 te
452 1734 604 1783 virgine
624 1733 764 1779 Maria,
786 1733 923 1769 visitat
941 1747 1011 1770 nos
1031 1733 1173 1770 Oriens
1191 1746 1240 1770 ex
1260 1734 1350 1770 alto.

96 1787 134 1825 V.
170 1787 373 1824 Visitante
391 1791 431 1824 te
450 1787 600 1837 virgine
621 1787 760 1834 Maria,
782 1787 919 1823 visitat
938 1800 1008 1823 nos
1028 1787 1135 1824 Deus
1154 1787 1197 1823 in
1216 1788 1379 1824 salutari
1397 1801 1476 1825 suo.

98 1840 137 1879 V.
172 1841 373 1878 Visitante
392 1845 432 1878 te
451 1841 602 1891 virgine
622 1841 764 1887 Maria,
785 1841 975 1877 visionem
993 1854 1193 1890 speramus
1213 1845 1451 1890 perpetuam.

97 1894 136 1932 V.
171 1895 388 1932 Visitatrix
406 1908 496 1944 ergo
514 1899 659 1940 nostra,
681 1895 740 1931 fac
759 1908 829 1931 nos
849 1899 1002 1932 tantam
1020 1895 1152 1932 videre
1170 1895 1343 1945 gloriam.

170 1948 224 1985 In
243 1955 401 1998 tempore
420 1949 612 1995 Paschali,
633 1949 828 1997 Alleluya.

419 2003 457 2040 V.
494 2003 626 2039 Mater
644 2003 819 2049 mirifica,
846 2016 998 2039 summa
1023 2016 1091 2052 per
1110 2003 1277 2052 gratiam

546 2057 662 2093 Dona
680 2057 910 2105 multiplica,
932 2057 1061 2092 ditans
1080 2056 1279 2093 eeclesiam

494 2110 622 2147 Sacris
641 2110 867 2155 virtutibus,
890 2110 1030 2147 tollens
1049 2110 1264 2155 dissidium,

549 2163 691 2200 Confer
709 2164 933 2213 petentibus
952 2168 1066 2201 tuum
1084 2164 1317 2213 praesidium.

175 2217 396 2255 Secumlum
415 2217 612 2266 Alleluya.

104 2271 141 2309 V.
179 2272 349 2321 Surgens
362 2271 556 2307 Dominus
570 2274 609 2307 et
625 2284 827 2307 occurrens
840 2271 1080 2317 mulieribus,
1096 2277 1130 2308 et
1145 2277 1274 2317 cetera,
1291 2277 1335 2308 ut
1350 2271 1394 2308 in
1406 2271 1524 2308 Feria
1543 2272 1683 2321 quinta

94 2326 335 2363 loebdomadoe
354 2325 511 2362 Pasclzae
527 2339 542 2369 ,·
561 2325 619 2361 ‘cel
635 2325 669 2361 si
680 2325 807 2373 placet
826 2326 1035 2362 secandam
1054 2325 1254 2373 Alleluya,
1274 2331 1319 2362 ut
1337 2326 1517 2373 sequitur.

176 2379 373 2428 Alleluya.
436 2379 473 2416 V.
507 2378 676 2415 Mariam
704 2382 869 2415 matrem
897 2379 951 2415 sic
976 2379 1149 2415 creditur
1175 2379 1202 2416 J
1207 2392 1294 2415 esus
1313 2379 1499 2416 salutasse
1513 2394 1525 2427 3
1556 2380 1681 2427 Salve,

96 2437 228 2470 sancta
247 2446 384 2482 parens
399 2447 409 2479 3
437 2446 525 2468 cum
545 2432 753 2481 Virginem
771 2433 949 2469 visitavit
968 2446 991 2469 a
1010 2433 1175 2469 mortuis
1193 2446 1404 2482 resurgens.

175 2486 389 2535 Sequentia.
449 2486 693 2523 Celebremus
707 2486 748 2522 in
762 2486 833 2523 hac
848 2487 920 2532 die,
938 2492 970 2523 et
985 2493 1105 2523 cetera
1127 2488 1197 2534 (ut
1211 2500 1341 2536 supra,
1359 2487 1432 2524 vol.
1448 2487 1489 2524 ii.
1503 2501 1538 2537 p.
1556 2488 1668 2536 214).

175 2540 441 2588 Evanyelium.
503 2539 721 2576 Secundum
740 2539 888 2577 Lucam
907 2540 954 2590 (2'.
979 2540 1140 2588 39-43).

177 2594 230 2631 In
248 2594 316 2631 illo
335 2598 519 2643 tempore,
536 2593 760 2643 Exsurgens
779 2594 907 2631 Maria
925 2607 1041 2642 usque
1062 2595 1113 2630 ad
1132 2594 1173 2630 in
1194 2594 1277 2632 Deo
1297 2594 1459 2633 salutari
1477 2608 1572 2633 meo.

179 2648 312 2685 Credo.

177 2701 336 2738 Secreta.
393 2701 572 2738 Ecclesiae
592 2706 681 2747 tuae,
702 2707 735 2738 et
754 2708 871 2738 cetera
890 2701 1003 2751 (ibid.
1011 2702 1031 2750 )

178 2755 375 2803 Proefatio.
432 2755 486 2791 Et
504 2759 543 2791 te
562 2756 604 2791 in
623 2755 870 2792 Visitatione.

180 2808 418 2847 Communia
478 2809 601 2845 Beata
618 2809 766 2845 viscera
784 2808 928 2858 (ibid.)

179 2862 233 2900 In
252 2869 411 2912 tempore
430 2863 623 2908 Pascliali,
645 2862 838 2911 Alleluya.

179 2916 495 2955 Postcommunio.
555 2916 674 2962 Deus,
695 2916 764 2966 qui
782 2916 986 2963 mediante,
1009 2922 1041 2954 et
1061 2923 1176 2955 cetera
1197 2917 1337 2969 (ibid.)
