1979 3348
674 224 800 265 Festa
829 222 1098 265 Novembris.
1602 229 1622 266 1
1630 228 1682 268 29

175 335 361 384 Epistola.
420 335 480 371 De
500 334 717 383 virginibus
737 337 983 383 praeceptum.

179 388 354 426 Gradale.
417 388 523 424 Audi
542 388 632 424 filia.

177 442 372 490 Alleluya.
437 442 474 479 V.
513 441 774 478 Cantantibus
805 441 957 490 organis
988 439 1141 476 Caecilia
1171 439 1281 489 virgo
1312 439 1385 476 soli
1418 440 1588 477 Domino
1621 442 1682 479 de-

95 496 277 534 cantabat
296 496 427 532 dicens
446 508 453 532 :
482 495 572 531 Fiat
590 508 654 531 cor
673 507 803 531 meum
831 500 871 530 et
890 507 1027 543 corpus
1055 506 1184 530 meum
1211 494 1520 542 immaculatum,
1538 500 1583 532 ut
1601 508 1680 532 non

97 549 321 587 confundar.

174 602 389 651 Sequentia.
448 602 712 647 Exsultemus,
733 607 777 637 ut
804 601 848 637 in
869 600 1086 638 Communi.

174 656 439 704 Evanyelium.
499 656 633 693 Simile
653 660 711 692 est
731 667 892 703 regnum
910 654 1091 691 caelorum
1110 654 1241 692 decem
1259 654 1488 704 virginibus.

177 709 430 757 Offertorium.
490 710 723 754 Offerentur,
743 707 880 756 majus.

174 762 332 800 Secreta.

175 816 273 853 Haec
310 817 448 862 hostia,
490 816 669 861 Domine,
709 814 939 864 placationis
976 817 1016 851 et
1043 814 1179 862 laudis,
1211 828 1442 864 quaesumus,
1482 820 1529 853 ut
1557 817 1675 853 inter-

95 871 278 907 veniente
296 871 410 907 beata
431 870 587 907 Caecilia
607 874 778 917 martyre
798 875 877 916 tua,
898 881 969 906 nos
991 872 1061 905 tua
1078 869 1358 918 propitiatione
1377 870 1513 919 dignos
1531 883 1682 920 semper

94 924 243 961 efficiat.
301 924 387 960 Per.

178 977 412 1016 communio.
470 976 780 1014 confundantur.

176 1029 520 1068 Postcommwiiofl'

175 1084 346 1131 Satiasti,
386 1084 564 1127 Domine,
602 1083 791 1120 familiam
828 1087 938 1120 tuam
983 1083 1209 1120 muneribus
1247 1084 1364 1121 sacris
1381 1098 1390 1131 3
1419 1085 1503 1134 ejus
1531 1098 1681 1135 semper

94 1138 368 1176 intercessione
386 1151 456 1175 nos
475 1138 616 1184 refove,
637 1138 696 1186 cuj
705 1151 747 1174 us
766 1137 968 1174 sollemnia
987 1138 1232 1175 celebramus.
1290 1137 1377 1177 Per.

256 1286 404 1323 SANcn
434 1285 673 1332 Onnnnnrm,
706 1296 817 1322 PAPAE
846 1297 894 1322 ET
923 1296 1138 1323 MARTYRIS.
1210 1286 1279 1336 (ix.
1302 1286 1395 1324 Kal.
1418 1287 1530 1337 Dec.)

180 1379 364 1428 Officium.

178 1434 287 1470 Dicit
307 1433 501 1470 Dominus
519 1447 526 1470 :
559 1431 762 1469 Sermones
782 1432 869 1479 mei,
892 1445 987 1482 quos
1017 1433 1107 1469 dedi
1130 1432 1172 1469 in
1191 1446 1232 1469 os
1256 1436 1381 1479 tuum,
1402 1445 1481 1468 non
1501 1432 1683 1470 deficient

96 1487 144 1524 de
174 1501 238 1524 ore
272 1492 365 1524 tuo:
405 1488 514 1523 adest
545 1487 649 1523 enim
681 1500 824 1523 nomen
857 1493 982 1534 tuum,
1014 1490 1054 1523 et
1082 1499 1246 1524 munera
1278 1491 1348 1523 tua
1381 1490 1538 1537 accepta
1566 1490 1683 1524 erunt

97 1554 213 1591 super
230 1541 352 1578 altare
370 1554 510 1577 meum.

177 1595 368 1633 Psalmus.
426 1594 714 1631 Misericordias
734 1593 917 1631 Domini:
947 1594 990 1630 in
1009 1597 1198 1630 aeternum
1217 1593 1393 1631 cantabo.

180 1649 323 1686 Oratio.

177 1702 296 1749 Deus,
318 1702 386 1750 qui
413 1714 483 1737 nos
508 1714 638 1738 annua
668 1701 773 1737 beati
803 1701 1015 1738 Clementis
1045 1701 1228 1750 martyris
1257 1701 1319 1738 tui
1348 1704 1464 1748 atque
1490 1701 1687 1750 pontificis

96 1756 357 1793 sollemnitate
398 1753 581 1801 laetificas,
622 1756 786 1792 concede
829 1755 1032 1804 propitius,
1080 1759 1127 1792 ut
1163 1755 1273 1804 cujus
1301 1755 1484 1792 natalitia
1512 1755 1685 1802 colimus,

96 1810 285 1847 virtutem
305 1822 459 1858 qnoque
479 1809 665 1858 passionis
688 1809 896 1845 imitemur.
955 1809 1040 1846 Per.

174 1863 365 1900 Memoria
384 1864 427 1899 de
447 1869 579 1899 sancta
598 1863 807 1907 Felicitate,
830 1869 1006 1911 martyre.
1068 1862 1211 1901 Oratio.

175 1917 335 1963 Praesta,
357 1930 587 1966 quaesumuS,
618 1917 861 1966 omnipotens
890 1916 1009 1963 Deus,
1029 1920 1075 1953 ut
1103 1917 1225 1953 beatae
1254 1916 1471 1953 Felicitatis
1498 1917 1685 1966 martyris

94 1974 172 2008 tuae
191 1971 392 2007 sollemnia
410 1974 662 2015 recensentes,
686 1971 834 2007 meritis
853 1971 975 2020 ipsius
993 1975 1242 2021 protegamur
1261 1974 1301 2008 et
1319 1971 1507 2020 precibus.
1556 1972 1641 2009 Per.

175 2024 361 2073 Epistola.
420 2024 620 2060 Docti-inis
641 2025 767 2061 variis.

179 2078 356 2115 Gradale.
413 2078 584 2115 Juravit.

176 2132 372 2180 Alleluya.
438 2131 475 2169 V.
508 2132 589 2168 Iste
608 2135 774 2168 sanctus,

176 2185 392 2234 Sequentia.
452 2185 664 2234 Organicis,
685 2186 729 2221 in
750 2184 966 2223 Communi.

176 2239 440 2287 Evanyelium.
498 2239 610 2274 Nihil
631 2243 819 2288 opertum.

179 2292 433 2341 Offertorium.
491 2292 660 2330 Veritas.

176 2346 362 2389 Secreta.†

177 2400 354 2447 Munera,
377 2400 557 2446 Domine,
588 2400 716 2437 oblata
744 2399 951 2445 sanctifica,
977 2403 1016 2436 et
1045 2399 1309 2436 intercedente
1338 2399 1452 2436 beato
1483 2399 1686 2437 Clemente

98 2458 269 2502 martyre
288 2459 367 2499 tuo,
389 2468 456 2503 per
475 2454 555 2490 haec
574 2467 597 2490 a
614 2458 858 2502 peccatorum
878 2457 1098 2491 nostrorum
1117 2453 1277 2491 maculis
1297 2453 1473 2491 emunda.
1532 2453 1617 2490 Per.

178 2507 270 2544 Alia
287 2507 445 2546 Secreta.

178 2561 284 2598 Vota
303 2562 436 2611 populi
456 2562 526 2608 tui,
545 2561 724 2607 Domine,
746 2561 978 2611 propitiatus
997 2561 1157 2598 intende
1170 2575 1182 2609 3
1212 2565 1251 2598 et
1269 2574 1435 2610 quorum
1454 2574 1524 2599 nos
1541 2561 1684 2598 tribuis

100 2614 299 2651 sollemnia
317 2616 520 2662 celebrare,
541 2616 600 2652 fac
619 2616 785 2665 gaudere
804 2615 1006 2665 suffragiis.
1064 2615 1149 2653 Per.

180 2667 419 2707 Oommzmio.
473 2669 618 2706 Beatus
636 2682 778 2706 servus.

177 2779 194 2794 *
216 2779 284 2809 MS.
308 2780 673 2817 D.—Sacrament0rum,
689 2781 834 2816 Domine,
848 2781 1018 2818 participes
1032 2781 1137 2809 effecti
1158 2781 1361 2819 imploramus
1375 2781 1573 2811 clementiam
1587 2783 1684 2819 tuam,

100 2819 137 2846 ut
150 2817 249 2847 beatae
264 2819 396 2849 Caeciliae
410 2821 548 2857 virginis
562 2824 624 2850 tuae
637 2823 669 2849 et
692 2820 842 2858 martyris
856 2821 1039 2850 interventu
1053 2823 1254 2858 peccatorum
1275 2823 1456 2850 nostrorum
1474 2821 1598 2850 veniam
1611 2831 1688 2850 con-

103 2857 191 2894 sequi
205 2867 385 2887 mereamur.
428 2860 489 2888 Per
505 2860 684 2888 Dominum.

180 2896 197 2934 †
218 2897 285 2926 MS.
303 2898 446 2928 D.—-Pro
461 2899 543 2928 beati
561 2899 729 2928 Clementis
743 2899 894 2937 martyris
910 2899 957 2928 tui
976 2901 1071 2936 atque
1089 2899 1247 2937 pontificis
1266 2900 1412 2937 passione
1433 2902 1595 2937 gratanter
1616 2899 1686 2936 tibi,

103 2934 246 2979 Domine,
260 2946 376 2966 munus
390 2938 560 2974 offerimus,
576 2939 650 2976 quia
664 2939 745 2967 sicut
759 2948 830 2967 eum
851 2939 1007 2968 sentimus
1022 2939 1128 2969 vivere
1148 2939 1182 2968 in
1203 2942 1233 2970 te
1254 2939 1437 2977 gloriosum,
1451 2939 1496 2969 sic
1515 2948 1574 2978 pro
1594 2938 1686 2968 nobis

102 2975 294 3004 intercedere
308 2977 502 3007 confidimus.
544 2978 606 3007 Per
621 2977 800 3007 Dominum.

180 3027 270 3054 VOL.
290 3027 336 3055 11.
880 3030 910 3055 K
