1979 3348
438 242 502 282 In
522 241 683 283 Natali
706 241 1020 297 plurimorum
1043 240 1360 297 Confessorum.
1609 244 1690 284 153

190 353 347 390 Secreta.

191 406 423 455 Propitiare,
457 405 637 453 Domine,
670 419 900 455 quaesumus,
933 406 1283 456 supplicationibus
1312 404 1469 451 nostris,
1501 409 1540 441 et
1577 405 1694 441 inter-

113 460 296 496 veniente
314 472 384 508 pro
413 459 526 495 nobis
557 464 690 496 sancto
720 460 771 496 N.
794 460 1008 497 confessore
1027 464 1107 506 tuo,
1129 459 1189 496 his
1208 459 1459 496 sacramentis
1478 458 1693 495 caelestibus

107 513 320 549 servientes
340 513 388 549 ab
407 513 514 549 omni
533 514 646 562 culpa
671 514 812 549 liberos
831 527 912 550 esse
935 513 1097 550 concede
1112 527 1121 559 ;
1149 517 1195 550 ut
1224 513 1455 562 purificante
1474 525 1543 548 nos
1562 512 1688 561 gratia

111 570 181 603 tua
199 566 337 603 iisdem
353 567 493 615 quibus
512 567 747 603 famulamur
766 567 961 616 mysteriis
980 567 1245 606 emundemur.
1304 566 1380 602 Per
1401 566 1625 602 Dominum.

192 619 430 658 Oommmzio.
490 620 636 656 Beatus
655 634 797 657 servus.

192 673 429 711 Communia
488 674 632 710 Fidelis
652 687 796 710 servus.

190 727 511 765 Postcomnmm'o.

191 780 252 817 Ut
271 782 392 828 nobis,
415 781 593 824 Domine,
615 785 684 817 tua
711 780 898 817 sacrificia.
925 780 1020 817 dent
1039 780 1205 816 salutem
1218 793 1227 825 3
1258 781 1394 817 beatus
1424 780 1475 816 N.
1499 780 1692 816 confessor

110 839 214 880 tuus,
235 848 468 884 quaesumus,
489 839 665 884 precator
683 834 848 872 accedat.
907 834 984 870 Per
1003 834 1228 871 Dominum.

596 970 647 1006 IN
670 969 833 1006 NATALI
862 981 987 1007 umus
1020 970 1213 1006 ABBATIS.

193 1043 378 1091 Officium.
437 1043 490 1079 Os
499 1043 610 1092 justi.

192 1096 334 1133 Oratio.

189 1150 421 1187 Intercessio
441 1163 522 1197 nos,
544 1163 774 1199 quaesumus,
798 1150 976 1196 Domine,
998 1151 1104 1186 beati
1124 1150 1174 1187 N.
1195 1151 1348 1186 abbatis
1366 1150 1427 1186 tui
1439 1149 1692 1195 commendet,

108 1208 154 1241 ut
173 1205 276 1253 quod
295 1205 437 1240 nostris
465 1204 613 1240 meritis
632 1218 713 1241 non
731 1204 915 1251 valemus,
938 1205 1020 1253 ejus
1039 1205 1254 1254 patrocinio
1273 1217 1533 1253 assequamur.
1605 1203 1690 1240 Per.

191 1257 349 1295 Secreta.
714 1296 716 1298 ,

188 1311 314 1348 Sacris
351 1311 551 1356 altaribus,
586 1311 764 1358 Domine,
804 1312 950 1348 hostias
987 1312 1248 1361 superpositas
1282 1316 1438 1348 sanctus
1476 1311 1528 1348 N.
1564 1311 1693 1357 abbaS‚

111 1379 343 1414 quaesumus,
375 1366 417 1401 in
437 1365 603 1401 salutem
621 1366 732 1402 nobis
752 1366 958 1415 provenire
977 1366 1165 1414 deposeat.
1226 1365 1311 1402 Per.

191 1420 509 1456 Postcomommio.

193 1473 378 1522 Protegat
397 1486 477 1518 nos,
510 1486 741 1522 quaesumus,
774 1473 954 1519 Domine,
983 1485 1072 1509 cum
1101 1473 1163 1509 tui
1191 1473 1437 1522 perceptione
1466 1472 1695 1509 sacramenti

110 1527 244 1563 beatus
264 1527 313 1564 N.
334 1527 451 1563 abbas
471 1540 540 1575 pro
559 1527 671 1563 nobis
689 1527 974 1573 intercedendo,
997 1531 1042 1562 ut
1062 1531 1101 1563 et
1120 1527 1424 1563 conversationis
1444 1527 1529 1575 ejus
1549 1526 1696 1575 experi-

109 1593 220 1617 amur
238 1580 407 1629 insignia
422 1585 461 1617 et
481 1581 764 1617 intercessionis
783 1581 867 1629 ejus
882 1581 1138 1629 percipiamus
1153 1581 1346 1630 suffragia.
1378 1580 1454 1616 Per
1469 1580 1694 1616 Dominum.

460 1717 512 1753 IN
541 1717 702 1753 NATALI
731 1728 1001 1754 PLURIMORUM
1033 1717 1340 1754 CONFESSORUM.

194 1797 376 1846 Officium.
435 1798 659 1835 Sacerdotes
679 1799 765 1836 Dei.

193 1851 336 1888 Oratio.

191 1905 310 1952 Deus,
333 1906 401 1955 qui
419 1920 488 1943 nos
508 1910 730 1943 sanctorum
750 1907 1011 1943 confessorum
1033 1911 1189 1942 tuorum
1204 1906 1256 1944 N.
1276 1911 1315 1943 et
1330 1907 1379 1944 N.
1396 1906 1700 1943 confessionibus

112 1959 287 2008 gloriosis
307 1961 520 1997 circumdas
539 1964 578 1997 et
597 1961 792 2009 protegis3
821 1961 870 1997 da
895 1961 1006 1997 nobis
1031 1965 1071 1997 et
1100 1974 1232 1997 eorum
1258 1961 1479 1997 imitatione
1502 1961 1698 2010 proficere,

111 2018 152 2049 et
169 2013 444 2050 intercessione
463 2014 638 2063 gaudere.
697 2014 774 2051 Per
793 2015 1009 2051 Dominum
1028 2019 1215 2051 nostrum.

190 2066 256 2103 Ad
274 2067 453 2104 Hem-ceos
471 2068 557 2117 (vii.
582 2067 743 2116 23-27).

192 2120 350 2157 Fratres
366 2135 373 2157 :
402 2121 540 2158 Plures
559 2121 653 2157 facti
672 2126 766 2158 sunt
785 2123 1000 2159 sacerdotes
1019 2122 1231 2158 secundum
1250 2123 1374 2170 legem
1393 2135 1512 2170 usque
1531 2123 1584 2158 ad
1611 2122 1701 2158 Hoc

113 2174 217 2210 enim
236 2174 328 2211 fecit
347 2175 465 2211 semel
485 2188 523 2212 se
544 2176 739 2212 offerendo
759 2176 952 2212 Dominus
972 2180 1104 2212 noster
1122 2176 1150 2212 J
1153 2189 1239 2212 esus
1259 2177 1448 2213 Christus.

192 2228 378 2276 Epistola.
436 2229 495 2265 Hi
527 2233 620 2266 sunt
652 2230 729 2265 viri
761 2230 1043 2276 misericordiae,
1075 2244 1198 2278 (lucere
1226 2230 1271 2266 in
1299 2230 1409 2267 Festo
1435 2229 1700 2278 plurimorum

115 2287 343 2330 marty-rum.

191 2335 316 2373 Lectio
337 2336 426 2373 libri
443 2336 650 2385 ›S'ap‘z'entz'ae
669 2336 839 2386 (Ecclzcs.
865 2337 904 2373 ii.
930 2337 1080 2386 18-21).

195 2389 273 2434 Qui
305 2391 449 2427 timent
482 2391 623 2437 Deum,
655 2403 735 2427 non
767 2395 884 2428 erunt
913 2391 1160 2428 incredibiles
1189 2405 1308 2440 usque
1338 2391 1392 2428 ad
1422 2391 1701 2440 inspectionem

114 2442 229 2479 illius.

195 2496 371 2535 Gradale.
431 2497 655 2536 Sacerdotes
674 2499 768 2548 ejus.

192 2551 390 2601 Alleluya.
456 2552 495 2590 V.
527 2552 714 2601 Disposui
732 2556 1022 2590 testamentum.

192 2604 391 2654 Alleluya.
455 2606 492 2643 V.
525 2605 748 2656 Fulgebunt
769 2606 878 2656 justi.

192 2657 408 2707 Sequentia.
465 2660 609 2696 Mundi
628 2664 754 2705 aetate,
775 2667 819 2696 ut
838 2660 882 2696 in
903 2659 1118 2698 Communi.

194 2711 415 2750 Secundum
433 2713 582 2751 Lucam
600 2714 691 2758 (xii.
716 2714 868 2764 35-40).

196 2765 247 2802 In
264 2766 333 2803 illo
352 2771 537 2816 tempore,
559 2768 675 2804 Dixit
699 2768 727 2804 J
731 2780 816 2804 esus
840 2767 1040 2816 discipulis
1064 2767 1143 2804 suis
1160 2780 1170 2814 3
1200 2768 1289 2804 Sint
1314 2767 1440 2804 lumbi
1457 2767 1580 2804 vestri
1607 2780 1701 2817 prae-

114 2820 232 2857 cincti
250 2833 368 2868 usque
386 2822 439 2858 ad
458 2822 550 2870 quia
568 2835 645 2871 qua
663 2822 759 2858 hora
777 2834 856 2857 non
875 2822 1037 2870 putatis,
1058 2820 1183 2858 Filius
1204 2822 1389 2858 Hominis
1408 2822 1550 2858 veniet.

194 2872 414 2911 Secundum
434 2875 666 2912 Matthoeam
686 2875 740 2925 (v.
766 2875 916 2925 14-16)

195 2926 246 2963 In
263 2928 332 2965 illo
350 2932 534 2978 tempore,
555 2929 673 2966 Dixit
690 2929 719 2966 J
721 2942 808 2966 esus
827 2928 1026 2978 discipulis
1045 2929 1124 2966 suis
1137 2942 1148 2976 3
1177 2929 1262 2966 Vos
1285 2929 1377 2966 estis
1404 2929 1474 2966 lux
1502 2942 1620 2978 usque
1649 2929 1702 2965 ad

118 2981 187 3030 qui
205 2980 248 3017 in
267 2982 369 3019 caelis
387 2987 455 3020 est.
