1979 3348
1666 223 1689 260 Ο(

624 217 854 261 Orationes
888 218 1160 261 Communes.
1609 221 1662 265 17

582 365 668 402 Pno
698 365 908 402 Panum
939 376 987 402 ΕΤ
1016 365 1217 402 SUBDITIS.

141 441 143 443 '
187 426 329 465 Oratio.

183 480 439 530 Omnipotens
458 480 689 530 sempiterne
709 481 828 527 Deus,
849 481 918 530 qui
945 481 1038 517 facis
1063 480 1258 516 mirabilia
1276 493 1416 529 magna
1435 480 1538 517 solus
1554 492 1565 527 3
1596 493 1691 529 pree-

102 533 220 571 tende
238 547 353 583 super
379 534 569 570 famulum
597 539 711 570 tuum
739 534 1069 583 archiepiscopum
1101 538 1279 574 nostrum
1305 538 1344 570 et
1369 547 1484 583 super
1511 538 1691 571 cunctam

102 587 438 636 congregationem
458 588 516 624 illi
537 588 779 625 commissam
799 588 990 637 Spiritum
1018 588 1153 637 gratiae
1179 587 1382 633 salutaris3
1411 592 1450 623 et
1469 591 1514 624 ut
1532 587 1574 623 in
1594 588 1693 624 veri-

101 645 183 678 tate
211 641 287 677 tibi
314 641 586 690 complaceant,
608 646 839 691 perpetuum
858 641 913 678 eis
940 654 1066 677 rorem
1099 644 1177 677 tuae
1206 641 1486 678 benedictionis
1517 641 1691 678 infunde.

104 694 180 731 Per
199 694 424 734 Dominum.

182 758 340 795 Secreta.

184 812 357 858 Hcstias,
376 825 605 861 quaesumus,
628 811 808 858 Domine,
826 811 1060 847 fiunulor'um
1081 804 1240 848 tuorum
1260 812 1434 861 placatus
1453 811 1613 849 intende
1627 825 1637 859 3
1655 817 1696 849 et

103 878 200 914 quas
219 865 261 901 in
280 866 465 902 honorem
484 865 651 902 nominis
670 865 732 901 tui
751 865 890 902 devota
909 870 1039 901 mente
1067 878 1136 915 pro
1165 865 1220 902 eis
1248 865 1493 912 celebramus,
1512 866 1696 916 proficere

104 919 180 956 sibi
199 919 371 956 sentiant
388 919 437 955 ad
456 919 655 956 medelam.
715 918 791 955 Per
811 918 1036 956 Dominum.

184 984 504 1021 Postcommum'o.

187 1038 292 1082 Quos
321 1038 464 1074 caelesti
491 1051 639 1074 recreas
667 1051 837 1085 munere,
860 1042 1047 1087 perpetuo
1074 1037 1254 1084 Domine,
1277 1037 1462 1075 comitare
1493 1038 1696 1088 praesidio,

104 1095 145 1127 et
164 1104 259 1140 quos
279 1092 408 1128 fovere
428 1104 506 1128 non
526 1091 680 1138 desinis,
702 1092 837 1141 dignos
856 1092 941 1128 fieri
965 1092 1201 1141 sempiterna
1228 1091 1494 1141 redemptione
1521 1093 1695 1130 concede.

107 1145 192 1182 Per.

724 1268 809 1306 PRO
840 1268 1073 1307 SEMETIPSO.

188 1330 330 1369 Oratio.

186 1385 306 1431 Deus,
341 1385 410 1434 qui
447 1398 486 1422 es
516 1384 602 1421 sons
635 1384 824 1422 bonitatis
844 1388 883 1421 et
915 1385 1073 1434 pietatis
1106 1385 1224 1434 origo,
1261 1385 1329 1434 qui
1359 1389 1583 1434 peccantem
1618 1400 1697 1423 non

104 1439 241 1476 statim
255 1439 422 1488 judicias
439 1452 448 1485 3
477 1439 543 1475 sed
563 1439 832 1487 paenitentiam
857 1438 1062 1475 miseratus
1091 1442 1281 1487 expectas,
1304 1443 1342 1475 te
1370 1452 1509 1487 quaeso,
1531 1444 1577 1476 ut
1609 1441 1700 1477 faci-

105 1505 247 1529 norum
278 1506 452 1529 meorum
485 1493 680 1541 squalores
712 1493 918 1541 abstergas,
952 1497 991 1528 et
1019 1505 1079 1528 me
1108 1492 1157 1528 ad
1186 1493 1447 1541 peragendum
1477 1494 1695 1542 injunctum

104 1546 273 1583 officium
293 1546 455 1595 dignum
475 1548 531 1582 effi
539 1546 615 1582 cias
629 1559 638 1592 3
668 1550 705 1582 et
726 1547 794 1595 qui
813 1546 947 1582 altaris
966 1546 1027 1582 tui
1046 1545 1307 1582 ministerium
1336 1547 1485 1595 suscepi
1504 1547 1698 1596 indignus,

105 1612 177 1648 ago
209 1600 396 1648 trepidus,
422 1599 471 1635 ad
501 1599 540 1635 id
573 1600 835 1648 peragendum
868 1600 1008 1636 reddar
1032 1603 1224 1646 strenuus,
1247 1603 1286 1636 et
1304 1599 1408 1636 inter
1438 1613 1501 1636 eos
1532 1602 1599 1650 qui
1627 1602 1700 1637 tibi

106 1653 336 1702 placuerunt
355 1653 534 1690 inveniar
547 1653 795 1701 justificatus.
854 1652 939 1690 Per.

186 1718 346 1756 Secreta.

187 1771 374 1808 Sacrificii
392 1772 602 1821 praesentis,
625 1772 804 1819 Domine,
827 1771 972 1808 oblatio
991 1784 1077 1808 mea
1101 1775 1290 1820 expurget
1309 1771 1490 1818 facinora,
1511 1785 1581 1822 per
1599 1774 1703 1822 quod

108 1825 231 1862 totius
258 1825 395 1862 mundi
427 1825 587 1862 voluisti
616 1826 786 1862 relaxari
818 1830 984 1875 peccata,
1006 1825 1190 1875 illiusque
1223 1826 1534 1874 frequentatione
1562 1827 1705 1864 efficiar

108 1879 258 1929 dignus,
280 1880 382 1929 quod
402 1883 447 1915 ut
465 1880 753 1928 frequentarem
772 1880 920 1929 suscepi
939 1879 1132 1929 indignus.
1192 1879 1269 1916 Per
1288 1880 1513 1917 Dominum.

187 1943 506 1981 Postcommunio.

189 1998 336 2047 Hujus,
371 1997 551 2043 Domine,
587 1997 781 2047 perceptio
815 1997 1048 2034 sacramenti
1084 2002 1330 2047 peccatorum
1359 1998 1533 2035 maculas
1563 2002 1703 2048 tergat,

107 2055 148 2089 et
167 2051 216 2088 ad
235 2051 497 2102 peragendum
515 2051 739 2100 injunctum
759 2052 927 2088 officium
948 2065 1008 2088 me
1027 2051 1212 2088 idoneum
1232 2052 1378 2089 reddat.
1437 2052 1522 2090 Per.

734 2226 821 2263 PRO
851 2226 1085 2264 SEMETIPSO.

194 2286 335 2324 Oratio.

192 2340 313 2387 Deus,
336 2341 445 2390 cujus
465 2341 663 2390 proprium
693 2346 751 2378 cst
778 2354 944 2390 parcere,
968 2342 1127 2387 salvare,
1148 2346 1188 2379 et
1215 2355 1295 2379 non
1323 2343 1491 2392 perdere,
1513 2346 1705 2395 propitius

111 2397 195 2430 esto
239 2394 337 2430 mihi
373 2395 577 2443 peccatori,
616 2400 655 2432 et
702 2396 886 2445 quicquid
930 2396 1151 2445 iniquitatis
1192 2397 1255 2433 vel
1293 2398 1441 2446 peccati
1483 2412 1552 2447 ego
1589 2401 1706 2436 miser

112 2447 355 2497 negligenter
374 2449 560 2495 commisi,
582 2453 627 2485 tu
646 2449 746 2498 pius,
768 2449 934 2498 supplex
964 2451 1132 2496 obsecro,
1162 2450 1372 2487 clementer
1402 2452 1572 2503 indulge.
1632 2453 1709 2490 Per

115 2501 340 2538 Dominum.

194 2565 353 2603 Secreta.

196 2619 272 2656 Per
290 2620 417 2669 hujus,
440 2633 671 2669 quaesumus,
693 2621 862 2658 Domine
882 2621 1000 2668 Deus,
1022 2621 1229 2659 oblationis
1249 2623 1439 2660 virtutem
1463 2629 1707 2673 peccatorum

117 2686 289 2709 meorum
304 2674 461 2710 vincula
480 2675 688 2723 disrumpe,
705 2679 745 2711 et
760 2675 944 2724 quicquid
958 2689 1159 2725 pren-<trum
1173 2677 1298 2713 merui
1312 2691 1382 2727 pro
1385 2678 1548 2727 pitiatus
1563 2684 1706 2716 averte.

118 2726 193 2763 Per
211 2726 435 2764 Dominum.

199 2792 515 2830 Postcommunio.

200 2846 375 2895 Sumpto,
414 2847 594 2894 Domine,
635 2847 804 2896 corporis
841 2853 881 2884 et
917 2848 1116 2897 sanguinis
1167 2849 1227 2886 tui
1265 2854 1514 2895 sacramento,
1555 2857 1708 2900 praestu,

119 2912 353 2947 quaesumUS,
376 2905 421 2936 ut
441 2902 511 2937 hoc
531 2902 632 2937 idem
653 2902 751 2937 mihi
784 2902 976 2951 peccatori
1008 2902 1187 2951 proficiat
1210 2904 1259 2940 ad
1279 2904 1445 2950 veniam,
1468 2905 1571 2952 quod
1593 2906 1711 2941 etium

122 2953 198 2989 toti
217 2954 363 2990 mundo
382 2954 530 3004 profuit
547 2956 594 2992 ad
617 2955 792 2992 salutem.
852 2956 928 2992 Per
948 2955 1173 2994 Dominum.
