1979 3348
243 263 323 302 146
596 259 659 301 Iu
679 258 842 301 Natali
866 257 1183 314 plurimorum
1202 257 1478 313 Martyrum.

321 371 540 409 Secundum
560 369 800 407 Mevulanum.

321 425 371 462 In
396 425 464 462 illo
488 429 673 473 tempore,
696 424 813 460 Dixit
837 423 865 460 J
867 436 953 460 esus
973 422 1173 472 discipulis
1201 423 1280 460 suis
1294 436 1305 469 3
1334 423 1432 460 Ecce
1461 436 1530 472 ego
1555 423 1671 459 mitto
1692 435 1770 469 vos,
1792 427 1836 459 ut

240 480 284 515 ‘iu
305 479 514 516 Communi
533 479 800 527 (qnostolorum.
1845 473 1849 475 ‚

320 541 542 578 Secundum
562 540 794 576 Muttlmzum
813 539 874 586 (90.
899 538 1056 586 23-32).

321 596 371 631 In
391 596 458 631 illo
478 599 664 643 tempore,
687 593 804 630 Dixit
831 594 858 630 J
862 606 948 629 esus
977 593 1178 642 discipulis
1206 593 1310 639 suis,
1339 593 1438 629 Cum
1467 596 1750 642 persequentur
1768 605 1837 629 vos

238 649 281 685 in
301 649 460 685 civitate
479 649 553 684 ista
574 661 693 696 usque
712 647 766 683 ad
783 660 912 683 coram
934 647 1051 683 Patre
1071 660 1157 683 meo
1177 648 1244 696 qui
1264 651 1323 683 est
1342 647 1384 683 in
1404 647 1515 683 caelis.

320 711 540 747 Secundum
562 709 792 745 Mattlzaeum
811 708 901 758 (mii.
926 709 1086 757 46-50).

320 764 371 800 In
391 764 458 799 illo
478 768 664 812 tempore,
687 763 890 811 Loquente
909 762 1007 799 56511
1028 763 1077 798 ad
1096 763 1242 809 turbas,
1266 762 1365 798 Ecce
1385 766 1509 799 mater
1535 763 1618 812 ejus
1643 766 1680 799 et
1700 762 1839 799 fratres

239 832 356 866 usque
377 819 428 854 ad
449 822 488 854 et
508 822 633 853 mater
653 821 721 853 est.

319 882 541 920 Secundum
560 882 792 918 stlattlzaeum
812 881 934 931 (oeoeiv.
962 880 1085 931 1-13)

321 937 373 973 In
406 937 474 973 illo
508 940 694 986 tempore,
728 936 914 985 Egressus
947 935 975 971 5
978 948 1063 971 65115
1094 935 1141 971 (16
1173 935 1329 984 templo,
1361 935 1453 971 ibat.
1513 934 1568 971 Et
1597 938 1840 971 accesserunt

239 990 422 1039 discipuli
459 991 552 1039 ejus,
589 994 635 1026 ut
667 989 919 1026 ostenderent
956 989 992 1025 ei
1030 989 1326 1025 aedificationem
1357 988 1495 1038 templi
1527 1001 1645 1037 usque
1677 988 1732 1025 ad
1761 988 1840 1033 Qui

238 1049 372 1081 autem
391 1044 698 1093 perseveraverit
717 1056 839 1092 usque
858 1043 901 1078 in
920 1042 1050 1089 finem,
1071 1043 1134 1078 hic
1154 1043 1284 1079 salvus
1304 1043 1389 1079 erit.

319 1108 542 1146 Secundum
561 1108 744 1145 Marcum
763 1107 869 1156 (asiii.
896 1106 1019 1155 1-13).

320 1163 372 1199 In
391 1162 458 1198 1110
478 1167 664 1211 tempore,
683 1161 918 1210 Egrediente
938 1161 1036 1197 56511
1058 1161 1104 1196 (16
1124 1160 1283 1209 templo,
1302 1161 1358 1197 ait
1377 1161 1436 1196 illi
1455 1174 1557 1197 1111115
1577 1174 1627 1197 ex
1641 1160 1840 1210 discipulis

239 1217 320 1253 suis
334 1230 345 1263 3
374 1216 575 1265 Magister,
597 1216 723 1264 aspice
743 1215 877 1263 quales
897 1214 1043 1263 lapides
1064 1219 1102 1250 et
1123 1215 1254 1263 quales
1274 1219 1489 1251 structurae.
1534 1215 1586 1251 Et
1605 1215 1842 1264 respondens

238 1270 267 1308 5
271 1283 368 1317 65115,
389 1270 445 1305 ait
464 1269 525 1305 illi
540 1283 550 1315 3
577 1269 700 1305 Vides
719 1269 788 1305 has
808 1281 941 1304 omnes
961 1281 1119 1317 magnas
1140 1268 1441 1305 aedificationes?
1483 1269 1577 1304 Non
1597 1269 1842 1317 relinquetur

238 1324 337 1373 lapis
368 1336 484 1372 super
516 1323 699 1372 lapidem,
729 1322 798 1371 qui
822 1336 901 1359 non
935 1322 1170 1358 destruatur.
1241 1322 1295 1358 Et
1327 1335 1415 1358 cum
1449 1323 1599 1359 sederet
1632 1323 1674 1358 111
1708 1327 1842 1359 monte

238 1378 448 1415 Olivarum
486 1382 622 1413 contra
659 1377 862 1425 templum,
903 1376 1200 1424 interrogabant
1237 1389 1327 1412 eum
1369 1377 1579 1425 separatim
1617 1376 1760 1413 Petrus
1803 1380 1843 1413 et

237 1432 268 1469 5
271 1432 412 1468 acobus
433 1435 472 1468 et
490 1431 518 1468 J
522 1431 694 1467 ohannes
714 1436 753 1467 et
774 1430 955 1467 Andreas
973 1444 979 1466 :
1010 1430 1086 1466 Dic
1106 1429 1216 1466 nobis
1246 1430 1401 1478 quando
1422 1431 1498 1467 ista
1519 1431 1641 1467 fient'l
1669 1435 1709 1467 et
1737 1430 1844 1480 quod

238 1486 394 1536 signum
415 1486 502 1531 erit,
525 1485 680 1534 quando
700 1484 781 1521 haec
811 1484 942 1520 omnia
962 1483 1153 1532 incipient
1179 1485 1465 1521 consummari?
1521 1485 1573 1520 Et
1607 1485 1843 1534 respondens

237 1539 370 1586 565115,
387 1539 503 1588 coepit
532 1539 659 1576 dicere
689 1539 775 1575 illis.
828 1538 991 1574 Divisio.
1023 1538 1168 1574 Videte
1199 1551 1247 1574 ne
1278 1538 1365 1586 quis
1396 1551 1464 1574 vos
1495 1539 1662 1574 seducat.
1722 1537 1845 1574 Multi

237 1594 343 1630 enim
364 1594 524 1630 venient
544 1594 585 1629 111
605 1592 763 1629 1101111116
783 1605 869 1629 11160
899 1605 1018 1640 usque
1037 1592 1091 1628 ad
1116 1591 1195 1636 Qui
1214 1596 1346 1628 autem
1376 1592 1610 1629 sustinuerit
1639 1593 1682 1628 in
1711 1592 1841 1638 finem,

240 1648 304 1684 hic
324 1648 455 1684 salvus
475 1647 560 1684 erit.

322 1709 544 1747 Secuudzmz
562 1708 614 1745 M
611 1722 755 1746 cwcum.

322 1764 374 1800 In
407 1764 475 1800 illo
506 1768 693 1812 tempore,
729 1762 846 1800 Dixit
871 1762 900 1800 J
904 1776 990 1799 esus
1025 1762 1226 1811 discipulis
1257 1762 1337 1799 suis
1352 1776 1363 1809 3
1401 1762 1548 1799 Videte
1580 1775 1630 1799 ne
1659 1762 1747 1812 quis
1776 1775 1845 1799 vos

238 1818 413 1864 seducat,
434 1824 479 1854 ut
499 1831 631 1867 supra.

322 1879 532 1928 Sequentia
551 1878 676 1916 sancti
694 1878 908 1926 Evangelii.
968 1876 1188 1914 ‚Secundum
1207 1877 1357 1914 Lucam
1376 1878 1450 1927 (sci.
1474 1878 1627 1928 47-54).

324 1934 376 1970 In
409 1933 477 1970 illo
496 1937 683 1982 tempore,
706 1932 873 1969 Dicebat
894 1932 1013 1969 565115
1034 1931 1242 1968 Pharisaeis
1260 1946 1269 1978 3
1303 1932 1376 1968 Vae
1406 1933 1518 1969 vobis
1547 1933 1616 1982 qui
1643 1931 1846 1969 aedificatis

241 1991 500 2025 monumenta
518 1987 797 2036 prophetarum
818 1999 937 2034 usque
956 1985 1010 2022 acl
1027 1990 1073 2021 ut
1092 1990 1319 2022 accusarent
1339 1999 1438 2023 611111.

325 2051 592 2100 Evanyelium.
651 2049 875 2087 Secundum
894 2050 1043 2086 Lucam
1062 2049 1156 2096 (ocii.
1183 2050 1279 2099 l-S).

326 2105 379 2141 In
408 2105 476 2142 1110
506 2109 696 2154 tempore,
718 2104 836 2140 Dixit
865 2104 982 2141 565115
1013 2103 1214 2152 discipulis
1244 2104 1346 2150 suis3
1380 2104 1593 2141 Attendite
1612 2118 1635 2140 a
1653 2104 1847 2141 fermento

246 2160 534 2250 Pharlisaegum
571 2172 690 2208 usque
727 2159 782 2195 acl
819 2162 858 2194 et
896 2158 1024 2195 Filius
1059 2158 1248 2194 Hominis
1286 2158 1538 2195 confitebitur
1569 2158 1683 2194 illum
1716 2171 1846 2195 coram

243 2227 344 2264 ange
363 2227 396 2250 15
457 2227 503 2251 61.

328 2276 554 2314 Secundam
572 2275 722 2312 Lucam
741 2273 841 2324 (xxi.
866 2273 992 2324 9-19).

328 2330 381 2367 In
410 2330 479 2366 illo
508 2333 693 2378 tempore,
717 2328 835 2365 Dixit
864 2327 983 2364 565115
1012 2327 1212 2377 discipulis
1240 2327 1319 2364 suis
1333 2341 1343 2374 3
1373 2327 1473 2365 Cum
1492 2328 1694 2365 audierit-is
1713 2328 1848 2377 praelia

243 2388 288 2421 et
307 2384 518 2421 seditiones
536 2396 655 2432 usque
675 2383 728 2420 ad
747 2382 800 2419 In
817 2382 1011 2431 patientia
1030 2387 1160 2419 vestra
1178 2382 1427 2431 possidebitis
1446 2383 1595 2419 animas
1614 2387 1772 2419 vestras.

332 2446 588 2494 Offerborium.

330 2500 481 2537 Anima
499 2503 634 2536 nostra
653 2498 755 2535 sicut
773 2511 905 2547 passer
922 2502 1057 2547 erepta
1085 2501 1143 2534 est
1171 2498 1218 2534 de
1245 2498 1385 2548 laqueo
1404 2498 1635 2535 venantium
1651 2513 1659 2536 ε
1687 2498 1849 2548 laqueus

245 2554 447 2591 contritus
465 2558 535 2600 est,
558 2557 598 2590 et
616 2566 688 2589 nos
707 2552 867 2589 liberati
885 2565 1030 2589 sumus.

335 2615 590 2663 Offertorium.

332 2669 544 2706 Laetamini
560 2669 604 2705 111
623 2668 796 2706 Domino
822 2672 863 2705 et
890 2667 1095 2715 exsultate,
1112 2667 1240 2717 justi:
1273 2672 1313 2705 et
1336 2668 1570 2719 gloriamini,
1597 2681 1730 2706 omnes
1753 2668 1851 2706 recti

248 2723 377 2761 corde.

334 2776 390 2814 In
410 2783 569 2826 tempore
587 2776 784 2823 Pasckali,
804 2775 1002 2826 Alleluya.

337 2839 592 2887 Offertorium.

335 2893 533 2930 Mirabilis
560 2892 670 2929 Deus
697 2892 738 2929 in
767 2892 912 2929 sanctis
940 2891 1032 2939 suis,
1053 2892 1162 2930 Deus
1194 2892 1341 2931 Israel:
1369 2893 1452 2944 ipse
1471 2893 1581 2931 dabit
1599 2893 1791 2933 virtutem
1810 2897 1850 2932 et

252 2947 527 2985 fortitudinem
546 2946 651 2996 plebi
671 2959 749 2983 suae
766 2961 773 2983 :
801 2946 1031 2984 benedictus
1051 2946 1169 2985 Deus.

335 3008 390 3048 In
410 3015 571 3060 tempore
589 3007 787 3056 Pascha&
808 3008 1007 3058 Alleluya.
