1979 3348
404 216 561 259 Passio
591 216 782 259 Domini
811 216 1056 259 secundum
1084 215 1351 259 ιῙοῘιαηηθΊη.
1592 219 1673 264 227

170 328 212 365 Si
241 340 332 365 vero
359 340 475 378 super
492 327 658 365 linteum
677 331 716 364 et
734 327 783 364 ad
801 326 908 364 aliud
930 326 1036 364 stilla
1063 327 1294 376 pervenerit,
1329 330 1516 376 quattuor
1541 327 1676 365 diebus

89 382 282 431 paeniteat.
341 381 382 418 Si
408 393 531 431 usque
558 380 608 418 ad.
634 380 805 428 tertium,
827 393 968 417 novem
994 380 1129 417 diebus
1156 381 1350 430 paeniteat.
1409 380 1451 417 Si
1477 394 1599 430 usque
1627 383 1676 419 ad.

89 439 273 484 quartum
320 434 425 472 stilla
471 434 671 485 sanguinis
718 434 950 483 pervenerit,
1000 433 1144 483 viginti
1189 434 1324 470 diebus
1369 435 1553 483 paeniteat
1575 449 1582 472 :
1638 441 1677 473 et

88 489 316 525 linteamina
335 501 420 538 quae
439 488 546 525 stilla
564 488 739 537 tetigerit
757 488 884 524 tribus
901 487 1052 524 vicibus
1070 487 1176 524 lavet
1203 487 1378 525 sacerdos
1396 489 1457 524 vel
1478 488 1673 535 diaconus,

89 542 204 579 calice
223 543 432 591 supposito,
453 545 493 579 et
518 541 667 578 ablutio
686 554 774 578 cum
792 541 968 590 reliquiis
987 541 1226 578 recondatur.

168 596 283 641 Item,
304 596 337 632 si
355 595 443 645 quis
461 595 591 645 aliquo
610 608 701 632 casu
719 594 819 644 gulae
839 595 1112 631 eucharistiam
1131 595 1348 631 evomuerit
1362 606 1373 641 3
1419 595 1590 633 vomitus
1609 596 1675 633 ille

88 649 202 686 debet
230 649 450 696 incinerari,
483 653 523 686 et
547 649 693 686 cineres
720 649 840 697 juxta
867 648 990 684 altare
1018 648 1161 685 debent
1188 648 1354 685 recondi.
1413 649 1466 685 Et
1494 649 1528 685 si
1555 649 1674 687 fuerit

87 703 258 750 clericus,
272 703 493 749 monachus,
514 702 725 752 presbyter,
738 702 802 738 vel
820 701 1015 748 diaconus,
1031 702 1289 751 quadraginta
1308 701 1444 739 diebus
1463 703 1647 753 paeniteat
1665 718 1673 740 :

87 757 286 807 episcopus
314 756 561 806 septuaginta
576 768 588 802 3
614 755 735 792 laicus
754 754 927 804 triginta.

167 811 209 848 Si
229 823 319 848 vero
337 823 388 847 ex
405 809 634 846 infirmitate
653 808 881 855 evomuerit,
903 808 1075 857 quinque
1094 808 1230 845 diebus
1249 809 1443 858 paeniteat.

167 863 246 909 Qui
271 877 363 901 vero
396 876 475 900 non
498 863 597 899 bene
626 861 797 899 custodit
827 866 1125 909 sacramentum,
1157 862 1214 899 ita
1233 863 1336 911 quod
1360 876 1447 900 mus
1475 863 1539 901 vel
1563 864 1670 902 aliud

86 917 230 954 animal
249 916 426 963 comedit,
448 916 707 965 quadraginta
726 915 862 953 diebus
881 915 1076 965 paeniteat.

166 971 244 1016 Qui
275 974 407 1008 autem
438 969 652 1019 perdiderit
676 969 786 1016 illud,
821 968 885 1006 vel
912 982 1001 1018 pars
1033 969 1116 1018 ejus
1144 969 1325 1006 ceciderit
1361 975 1402 1007 et
1438 982 1514 1008 non
1553 971 1673 1008 fuerit

84 1024 257 1070 inventa,
285 1024 450 1073 triginta
478 1023 614 1060 diebus
652 1023 847 1072 paeniteat.
919 1023 1067 1059 Eadem
1092 1023 1320 1072 paenitentia
1346 1024 1504 1061 videtur
1530 1025 1670 1074 dignus

83 1078 257 1115 sacerdos
289 1090 358 1127 per
385 1078 493 1126 cujus
521 1076 798 1126 negligentiam
824 1080 1054 1126 putrescunt
1081 1076 1217 1114 hostiae
1246 1082 1491 1116 consecratae:
1520 1078 1673 1116 ÷÷dictus

83 1136 215 1168 autem
243 1131 456 1181 paenitens*
486 1130 601 1167 debet
626 1130 816 1180 jejunare,
843 1134 883 1167 et
919 1144 942 1167 a
978 1131 1248 1168 communione
1284 1136 1324 1167 et
1360 1145 1383 1168 a
1415 1132 1672 1170 celebratione

83 1186 285 1223 abstinere.
362 1184 541 1222 Pensatis
576 1188 708 1221 tamen
745 1184 1049 1221 circumstantiis
1078 1184 1211 1221 delicti
1245 1189 1286 1222 et
1322 1197 1506 1234 personae,
1542 1191 1670 1236 potest

82 1239 209 1275 minui
250 1238 314 1276 vel
355 1238 487 1287 augeri
522 1237 752 1287 paenitentia
792 1238 988 1287 praedicta‚
1031 1238 1241 1275 secundum
1273 1239 1480 1277 arbitrium
1512 1240 1671 1278 discreti

83 1292 318 1330 confessoris.
403 1292 493 1328 Hoc
520 1296 652 1328 tamen
679 1291 891 1328 tenendum
919 1295 988 1338 est,
1029 1292 1133 1341 quod
1160 1292 1383 1342 ubicunque
1409 1294 1668 1332 inveniuntur

82 1346 225 1395 species
255 1346 486 1383 sacramenti
514 1345 688 1395 integrae,
720 1349 943 1382 reverenter
974 1345 1170 1382 sumendae
1197 1350 1315 1393 sunt3
1362 1347 1465 1396 quod
1507 1348 1541 1384 si
1586 1348 1669 1385 sine

82 1399 252 1449 periculo
271 1400 353 1437 fieri
374 1412 453 1436 non
472 1403 611 1449 potest,
632 1402 725 1436 sunt
743 1403 876 1436 tamen
894 1412 964 1448 pro
984 1399 1160 1448 reliquiis
1179 1401 1432 1439 reservandae.

162 1453 267 1491 Item
294 1454 327 1490 si
340 1453 468 1490 hostia
485 1453 549 1489 vel
566 1465 655 1503 pars
673 1453 809 1489 hostiae
836 1453 998 1489 inventa
1016 1453 1136 1489 suerit
1159 1454 1233 1490 sub
1251 1454 1355 1503 palla
1373 1455 1435 1491 vel
1455 1455 1644 1504 corporali
1660 1469 1671 1503 3

82 1512 121 1543 et
151 1507 356 1544 dubitatur
387 1507 420 1543 si
449 1511 508 1543 est
541 1510 761 1543 consecrata
792 1506 855 1543 vel
891 1519 997 1543 non:
1025 1506 1139 1544 debet
1168 1520 1253 1544 eam
1289 1512 1376 1557 post
1412 1510 1672 1558 sumptionem

80 1561 280 1610 sanguinis
299 1564 520 1598 reverenter
534 1573 696 1608 sumere,
712 1564 758 1597 ut
776 1560 819 1597 in
837 1560 955 1597 titulo
976 1563 996 1580 ‘⁶
1013 1560 1060 1597 de
1078 1561 1335 1599 celebratione
1347 1561 1497 1600 missae''
1518 1562 1670 1612 plenius

79 1627 264 1652 mvemeS.

160 1668 266 1706 Item
294 1668 395 1704 circa
423 1667 624 1704 materiam
654 1667 864 1717 sanguinis,
897 1667 987 1704 vide
1017 1679 1067 1704 ne
1096 1668 1147 1705 sit
1174 1673 1335 1718 agresta,
1366 1670 1428 1707 vel
1447 1670 1584 1707 vinum
1613 1671 1671 1708 ita

81 1721 206 1759 debile
251 1721 355 1771 quod
397 1721 506 1758 nullo
535 1721 649 1758 modo
692 1721 833 1758 habeat
870 1721 1034 1771 speciem
1070 1722 1154 1758 vini
1169 1735 1181 1769 3
1237 1735 1286 1760 ne
1323 1723 1375 1760 sit
1412 1737 1513 1773 aqua
1550 1725 1670 1762 rubea

79 1788 258 1825 expressa
290 1775 338 1812 de
365 1788 494 1824 panno
523 1775 692 1812 intincto
724 1775 767 1812 in
795 1775 888 1812 vino
913 1776 1061 1822 rubeo3
1100 1789 1150 1812 116
1178 1776 1229 1813 sit
1261 1781 1414 1813 acetum
1440 1778 1503 1815 vel
1530 1778 1668 1816 vinum

80 1830 237 1866 omnino
256 1832 482 1878 corruptum
495 1841 505 1875 3
528 1841 578 1866 ne
595 1829 647 1865 sit
662 1828 863 1875 claretum,
878 1829 940 1866 vel
954 1829 1091 1866 vinum
1106 1830 1154 1866 de
1168 1830 1285 1867 moris
1304 1835 1373 1868 aut
1391 1831 1667 1882 malogranatis

78 1883 295 1920 confectum
311 1897 319 1920 :
349 1882 440 1932 quia
458 1895 591 1919 veram
612 1882 777 1932 speciem
794 1883 879 1919 vini
903 1896 983 1919 non
1000 1883 1182 1921 retinent.

158 1936 373 1974 Conficiens
391 1949 480 1973 cum
499 1936 590 1972 vino
609 1936 712 1985 quod.
730 1940 790 1973 est
808 1936 850 1973 in
862 1936 927 1973 via
945 1937 1202 1987 corruptionis
1221 1938 1284 1975 vel
1302 1938 1352 1975 ad
1365 1939 1662 1989 corruptionem,

76 1990 300 2039 gravissime
319 1993 460 2039 peccat,
482 1989 573 2026 licet
593 1990 771 2027 conficiat
787 2003 798 2037 3
828 1991 1012 2040 quoniam
1030 2004 1110 2028 non
1129 1992 1273 2028 retinet
1291 1993 1455 2042 speciem
1474 1992 1567 2031 vini.

157 2044 262 2081 Item
293 2043 509 2081 cavendum
538 2047 597 2080 est
625 2056 674 2080 116
703 2048 921 2093 apponatur
951 2044 1027 2081 nisi
1057 2045 1251 2082 modicum
1283 2046 1330 2082 de
1355 2060 1483 2096 aqua3
1513 2048 1604 2097 quia
1631 2048 1664 2085 si

77 2102 234 2134 tantum
247 2101 457 2147 poneretur
470 2097 574 2146 quod
592 2097 756 2146 speciem
775 2098 861 2134 vini
873 2097 1039 2143 tolleret,
1059 2111 1138 2135 non
1157 2100 1419 2138 conficeretur.

159 2151 275 2197 Item,
291 2151 324 2188 si
342 2164 419 2200 qua
438 2151 500 2188 hic
519 2151 670 2198 desunt,
684 2151 937 2200 requirantur
955 2152 998 2188 in
1017 2152 1178 2189 Summa
1193 2157 1232 2190 et
1251 2153 1419 2191 Lectura
1438 2154 1664 2193 Hostiensis

77 2205 120 2241 in
138 2205 255 2243 titulo
278 2208 301 2226 “
316 2205 364 2242 (le
383 2204 642 2242 celebratione
660 2204 926 2245 missarum.'’†

566 2430 687 2468 From
715 2430 830 2469 MSS.
864 2430 908 2480 C,
937 2431 988 2479 D,
1018 2432 1102 2470 (md
1130 2433 1173 2470 Ε.

357 2506 503 2544 PASSIO
532 2505 691 2545 Donum
719 2517 862 2546 NOSTRI
891 2518 1108 2546 SECUNDUM
1136 2509 1377 2547 JOHANNEM.

156 2583 271 2621 Istud
289 2582 548 2632 Evangyelium
575 2583 824 2632 compositum
839 2583 929 2632 fuit
950 2597 1023 2633 per
1040 2584 1255 2623 Dominum
1273 2585 1494 2624 „Iohannem
1514 2601 1665 2637 papam

77 2638 295 2675 vicesimum
313 2637 522 2675 secundum
540 2637 594 2674 cccl
608 2636 840 2675 Avenionem
855 2638 962 2675 tertio
981 2638 1042 2675 die
1061 2644 1148 2676 cmte
1166 2640 1355 2677 decessum
1373 2654 1488 2678 suum
1499 2655 1574 2691 pro
1589 2656 1664 2691 quo

78 2691 295 2740 composuit,
330 2697 364 2728 et
399 2691 575 2728 concessit
604 2691 780 2728 omnibus
816 2691 924 2728 istud
958 2692 1168 2730 dicencibus
1196 2693 1253 2731 vel
1287 2694 1546 2742 (madianitibus,
1581 2709 1663 2734 vere

76 2744 253 2794 confessis
271 2750 304 2782 et
323 2744 496 2782 contritis
514 2757 580 2783 ccc.
603 2744 684 2782 dies
702 2744 962 2793 indulgseoztice.

157 2798 208 2834 In
237 2798 305 2836 illo
334 2802 520 2848 tempore,
540 2798 815 2848 Apprehendit
841 2798 993 2835 Pilatus
1011 2799 1039 2836 J
1041 2812 1149 2837 esum
1168 2805 1207 2838 et
1237 2801 1449 2852 flagellavit
1481 2816 1569 2840 eum
1581 2817 1592 2851 3
1620 2808 1662 2842 et

77 2852 220 2889 milites
247 2851 457 2902 plectentes
477 2864 658 2889 coronam
677 2852 724 2888 de
754 2852 875 2901 spinis
903 2853 1173 2902 imposuerunt
1201 2868 1317 2906 super
1341 2861 1458 2907 caput
1477 2858 1559 2907 ejus
1580 2871 1588 2895 ε
1620 2862 1659 2895 et

425 2937 441 2951 *
465 2936 636 2966 Sarum—‘⁴
647 2936 743 2966 dictis
756 2939 860 2966 autem
874 2937 985 2967 diebus
998 2940 1182 2975 paenitens.''

424 2976 441 3015 †
463 2976 546 3006 Here
561 2976 622 3006 end
636 2976 688 3006 the
703 2976 831 3015 printed
844 2977 979 3007 editions
994 2978 1026 3007 of
1047 2979 1100 3008 the
1115 2979 1235 3010 Missal.
