1979 3348
284 248 336 289 66
931 248 1057 290 Festa
1085 247 1123 289 J
1119 247 1223 289 ulii.

537 397 706 436 SANc'rAE
733 398 889 435 MAmAE
922 397 1207 435 MAGDALENAE.
1266 396 1333 448 (xi.
1366 397 1456 435 Kal.
1487 396 1610 448 Aug.)

363 460 548 509 Officium.

360 514 607 553 Gaudeamus
630 529 763 553 omnes
781 516 824 553 in
848 516 1020 553 Domino
1051 515 1154 552 diem
1182 515 1327 552 festum
1356 515 1592 552 celebrantes
1622 515 1694 552 sub
1723 514 1869 552 honore

278 568 416 606 Mariae
437 569 705 619 Magdalenae3
732 570 780 607 de
803 570 914 619 cujus
938 569 1199 606 sollemnitate
1224 569 1397 619 gaudent
1419 569 1557 619 angeli,
1582 572 1622 606 et
1645 568 1868 606 collaudant

281 622 429 660 Filium
458 624 543 661 Dei.

362 676 556 715 Psalmus.

358 730 566 768 Eructavit
584 744 649 768 cor
668 744 799 768 meum
819 731 984 768 verbum
1003 731 1149 768 bonum
1170 744 1177 768 :
1207 730 1292 767 dico
1311 743 1382 781 ego
1401 742 1518 779 opera
1536 742 1621 767 mea
1639 730 1732 780 regi.

362 783 508 822 Oratio.

358 837 521 887 Largire
540 838 661 885 nobis,
684 837 982 876 clementissime
1004 838 1134 885 Pater,
1155 837 1260 887 quod
1284 837 1385 874 sicut
1409 837 1523 874 beata
1553 836 1682 874 Maria
1711 835 1871 886 Magda-

277 890 367 928 lena
387 891 603 928 Dominum
621 896 802 929 nostrum
820 892 849 930 J
852 905 961 929 esum
981 892 1182 929 Christum
1201 905 1316 941 super
1341 892 1472 928 omnia
1496 890 1693 940 diligendo
1712 903 1871 928 suorum

277 945 451 982 obtinuit
498 946 654 982 veniam
696 946 972 995 peccaminum,
1011 946 1069 983 ita
1105 946 1217 983 nobis
1263 946 1368 995 apud
1412 945 1717 982 misericordiam
1761 947 1872 982 tuam

277 999 554 1048 sempiternam
573 1000 760 1048 impetret
779 1000 1074 1037 beatitudinem.
1133 999 1210 1036 Per
1229 999 1406 1036 eundem.

358 1060 551 1098 Memoria
569 1061 615 1098 de
633 1067 764 1098 sancto
794 1060 1085 1109 Wandragyesz'lo,
1107 1061 1246 1098 abbate.
1308 1060 1450 1098 Oratio.
1510 1059 1743 1097 Intercessio
1762 1072 1843 1096 nos.

357 1113 547 1162 Epistola.
605 1114 732 1152 Lectio
753 1114 843 1152 libri
861 1114 1070 1164 Sapientiae
1089 1114 1226 1165 (Prov.
1247 1114 1349 1151 παχεῖ.
1376 1113 1525 1165 lO—3l).

357 1167 569 1205 Mulierem
587 1168 728 1205 fortem
747 1168 834 1217 quis
853 1168 1028 1206 inveniet
1048 1182 1167 1217 usque
1186 1169 1240 1206 ad
1267 1181 1384 1218 opera
1402 1168 1495 1218 ejus.

361 1220 538 1259 Gradale.
597 1222 831 1270 Adjuvabit.

356 1275 554 1324 Alleluya.
638 1275 676 1313 V.
753 1275 956 1325 Optimam
1000 1279 1152 1325 partem
1197 1275 1315 1326 elegit
1361 1275 1436 1313 sibi
1483 1275 1625 1323 Maria,
1664 1287 1750 1326 quae
1791 1287 1871 1314 non

277 1328 478 1366 auferetur
505 1329 554 1365 ab
582 1342 627 1367 ea
653 1329 696 1365 in
723 1333 924 1367 aeternum.

359 1380 577 1431 Sequentia.

277 1435 382 1474 Laus
401 1437 486 1484 tibi,
510 1436 676 1483 Christe,
697 1436 767 1486 qui
786 1449 826 1474 es
846 1436 1017 1483 Creator,
1039 1437 1283 1486 Redemptor
1301 1436 1406 1473 idem
1425 1440 1465 1474 et
1484 1436 1676 1484 Salvator,

279 1489 387 1538 Caeli,
407 1494 532 1538 terrae,
553 1490 681 1537 maris,
701 1490 938 1540 angelorum,
959 1495 1000 1528 et
1017 1490 1221 1527 hominum
1234 1504 1245 1538 ;

281 1544 408 1589 Quem
427 1544 553 1582 solum
572 1545 701 1581 Deum
721 1544 953 1581 confitemur
971 1549 1011 1582 et
1030 1544 1246 1582 Dominum
1259 1558 1271 1592 3

281 1598 360 1643 Qui
379 1602 598 1648 peccatores
616 1598 773 1645 venisti,
795 1602 842 1635 ut
865 1598 990 1635 salvos
1008 1599 1165 1646 faceres,

280 1651 373 1690 Sine
392 1656 548 1701 peccato
567 1652 715 1701 peccati
734 1665 932 1689 assumens
950 1652 1157 1689 formulam
1170 1665 1181 1699 3

282 1705 458 1751 Quorum
477 1706 524 1743 de
542 1719 668 1756 grege,
690 1709 736 1742 ut
756 1705 1027 1753 Chananaeam,
1050 1705 1220 1743 Mariam
1242 1705 1414 1743 visitasti
1433 1705 1719 1755 Magdalenam‚

279 1759 429 1797 Eadem
449 1772 581 1796 mensa
600 1759 711 1797 verbi
730 1759 857 1796 (livini
874 1759 984 1797 illam
1003 1760 1124 1806 micis,
1145 1760 1245 1797 hanc
1264 1760 1443 1796 refovens
1462 1759 1626 1807 ferculis,

281 1813 332 1850 In
352 1813 466 1850 domo
487 1813 656 1851 Simonis
675 1813 817 1862 leprosi
835 1813 1024 1851 conviviis
1043 1814 1233 1851 accubans
1252 1814 1404 1863 typicis.

282 1867 510 1904 Murmurat
529 1867 759 1914 Pharisaeus,
779 1867 849 1904 ubi
866 1867 994 1917 plorat
1012 1867 1156 1904 femina
1175 1867 1348 1904 criminis
1368 1867 1527 1904 conscia.

281 1921 468 1958 Peccator
492 1921 707 1958 contemnit
731 1925 1051 1971 compeccantem,
1077 1921 1224 1971 peccati
1247 1921 1398 1958 nescius
1423 1921 1676 1971 paenitentem
1701 1921 1873 1969 exaudis,

389 1975 576 2012 emundas
593 1975 745 2021 foedam,
766 1975 934 2021 adamas,
953 1979 1001 2011 ut
1018 1975 1220 2024 pulchram
1238 1975 1368 2021 facias,

284 2027 408 2066 Pedes
431 2029 682 2079 amplectitur
705 2028 943 2076 Dominicos,
968 2029 1137 2066 lacrimis
1161 2029 1278 2075 lavat,
1304 2029 1424 2079 tergit
1453 2029 1626 2066 crinibus
1642 2043 1655 2078 3
1693 2028 1872 2078 lavanda,

390 2083 590 2132 tergenda,
612 2086 813 2132 unguento
832 2083 986 2133 unguit,
1008 2083 1148 2120 osculis
1166 2083 1314 2120 circuit.

284 2135 384 2173 Haec
403 2140 496 2173 sunt
516 2136 696 2173 convivia
714 2149 799 2185 quae
819 2136 894 2173 tibi
912 2136 1078 2186 placent,
1100 2136 1133 2174 O
1154 2136 1284 2174 Patris
1303 2136 1505 2186 sapientia,

284 2190 416 2227 Natus
435 2203 485 2227 ex
503 2190 667 2240 virgine,
688 2191 757 2239 qui
775 2203 855 2227 non
874 2190 1095 2240 dedignaris
1114 2190 1224 2240 tangi
1242 2204 1266 2227 a
1284 2191 1507 2240 peccatrice,

284 2243 327 2281 A
345 2244 542 2281 Pharisaeo
562 2257 601 2281 es
619 2244 824 2291 invitatuS,
845 2243 984 2281 Mariae
1003 2244 1159 2281 ferculis
1178 2243 1414 2282 saturatus.÷÷

285 2297 463 2335 Multum
481 2298 649 2335 dimittis
666 2298 837 2335 multum
855 2298 1014 2345 amanti,
1035 2311 1106 2335 nec
1125 2298 1271 2335 crimen
1289 2303 1425 2348 postea
1442 2298 1644 2348 repetenti.

285 2352 502 2389 Daemoniis
521 2365 607 2389 eam
625 2355 774 2401 septem
792 2352 958 2388 mundas
977 2352 1195 2402 septiformi
1214 2352 1374 2401 Spiritu.

285 2405 350 2442 Ex
368 2405 534 2443 mortuis
552 2409 818 2455 resurgentem
838 2405 906 2442 das
925 2406 1074 2443 cunctis
1093 2405 1226 2442 videre
1250 2406 1429 2455 priorem.

286 2459 388 2507 Hac,
409 2459 575 2507 Christe,
595 2459 792 2509 proselyta
809 2459 938 2510 signas
957 2459 1167 2507 ecclesiam,
1183 2472 1300 2508 quam
1315 2459 1363 2496 ad
1381 2460 1551 2496 filiorum
1569 2472 1743 2498 mensam
1761 2473 1875 2499 vocas

395 2513 653 2563 alienigenam
667 2526 678 2560 3

286 2566 414 2612 Quam
431 2567 537 2604 inter
555 2566 737 2605 convivia
754 2567 851 2617 legis
879 2570 920 2605 et
944 2566 1079 2617 gratiae
1110 2567 1221 2617 signa
1250 2566 1439 2604 Pharisaei
1468 2567 1592 2604 fastus
1621 2567 1729 2617 lepra
1757 2573 1876 2606 vexat

396 2620 588 2658 haeretica.

286 2674 422 2720 Qualis
441 2675 494 2712 sit
511 2678 557 2712 tu
575 2674 659 2721 scis,
680 2673 810 2724 tangit
827 2678 878 2721 te,
899 2674 992 2723 quia
1009 2673 1218 2724 peccatrix,
1239 2674 1331 2724 quia
1349 2674 1472 2711 veniae
1496 2674 1681 2724 optatrix.

285 2729 485 2774 Quidnam
502 2728 664 2765 haberet
681 2741 784 2778 aegra
802 2728 836 2765 si
853 2741 934 2765 non
952 2728 1169 2777 accepisset,
1190 2729 1223 2764 si
1241 2728 1412 2765 medicus
1430 2741 1510 2764 non
1528 2728 1679 2765 adesset
1694 2729 1708 2766 ’ἔ

285 2783 374 2819 Rex
394 2795 529 2831 regum
548 2782 657 2819 dives
676 2782 718 2818 in
738 2795 871 2819 omnes
889 2795 960 2819 nos
979 2783 1086 2819 salva
1103 2785 1348 2831 peccatorum
1367 2785 1522 2832 tergens
1541 2786 1680 2819 cuncta
1699 2782 1874 2832 crimina,

286 2836 522 2874 Sanctorum
539 2848 626 2885 spes
645 2839 685 2872 et
702 2835 836 2885 gloria.

372 2897 437 2936 Vel
460 2898 537 2935 ista
554 2896 771 2946 Sequentia.
829 2896 950 2934 Mane
976 2897 1104 2947 prima
1122 2896 1297 2944 Sabbati,
1317 2897 1528 2936 secundum
1551 2910 1666 2936 usum
1685 2897 1812 2946 Ultori,
1831 2904 1875 2937 ut

286 2952 330 2990 in
349 2951 558 2992 Dominica
576 2951 621 2990 in
639 2950 757 2990 Albis.

800 3002 817 3018 ³*
839 3002 934 3033 MSS.
950 3001 1013 3031 and
1027 3002 1350 3033 Edd.-saturandus.
