1979 3348
292 231 374 271 284
1010 226 1171 268 Prosoe.

288 341 336 370 46.
361 340 469 370 Laude
485 340 624 370 celebret
637 349 700 368 vox
791 361 800 369 .
883 361 891 368 .
936 336 988 375 (de
1002 337 1033 367 S.
1050 336 1280 374 AEthelwoldo)

289 391 337 422 47.
361 392 445 420 Arce
459 400 597 428 superna
611 390 727 419 cuncta

290 440 338 470 48.
362 441 432 470 Deo
445 444 574 478 promat
588 439 678 477 plebs
709 461 717 469 .
801 460 808 468 .
891 459 900 468 .
946 437 997 474 (de
1012 436 1202 474 virginibus)

289 491 338 520 49.
362 491 536 520 Precamur
549 491 675 518 nostras
708 511 717 519 .
799 511 807 518 .
890 510 898 518 .
944 487 1048 524 (Dom.
1067 487 1113 517 iii.
1130 486 1230 523 Adv.)
1265 509 1273 517 .
1699 486 1833 516 Lincoln

291 541 338 570 50.
362 540 455 570 Salus
465 542 585 569 :eterna
599 538 784 568 indeficiens
801 560 807 567 .
892 561 899 567 .
944 538 996 574 (In
1011 538 1103 566 Dom.
1121 537 1142 566 i.
1161 536 1261 574 Adv.)
1678 537 1708 567 S.
1752 537 1793 567 Y.

291 591 338 620 51.
363 591 564 628 Regnantem
579 589 775 627 sempiterna.
801 611 809 618 .
892 610 899 617 .
946 587 997 622 (In
1013 588 1105 617 Dom.
1123 587 1156 617 ii.
1174 586 1274 624 Adv.)
1678 588 1710 617 S.
1753 588 1794 618 Y.

291 642 339 671 52.
365 642 430 678 Qui
443 640 526 678 regis
541 642 667 677 sceptra
710 662 717 668 .
801 662 808 668 .
892 661 899 668 .
945 638 998 675 (In
1012 638 1104 667 Dom.
1122 637 1170 668 iii.
1188 637 1287 674 Adv.)
1679 638 1710 667 S.
1753 638 1794 667 Y.

291 692 339 721 53.
364 691 485 720 Nostra
499 690 580 719 tuba
594 699 679 719 nunc
693 691 751 719 ‘tua
801 711 808 719 .

292 742 339 771 54.
365 741 475 771 Laude
490 751 606 771 canora
620 751 683 771 vox
696 740 833 778 pulchra
891 763 899 770 .
945 739 997 777 (de
1012 739 1211 777 Nativitate)

292 812 339 842 55.
364 811 461 841 Aima
475 811 592 840 chorus
606 810 738 841 Domini
798 834 804 840 .
891 832 898 840 .
925 791 942 866 {
957 788 1438 859 ffieg¹flr¹igtffssffcffiffl20⁰⁵fen³
1459 812 1468 860 ζ
1550 813 1559 859 j
1582 790 1600 866 }
1631 833 1637 839 .
1681 809 1711 839 s.

293 881 340 911 56.
365 882 460 911 Stans
475 892 493 910 a
507 881 601 919 longe
623 904 629 911 .
713 904 721 911 .
804 903 812 910 .
897 903 905 910 .
950 880 1003 917 (In
1018 881 1111 910 Dom.
1130 880 1173 909 xi.
1192 881 1265 918 post
1282 879 1386 917 Trin.)
1681 896 1719 900 -

293 933 340 963 57.
365 931 633 962 Christicolarum
647 932 849 961 sacrosancta

293 982 340 1012 58.
366 982 516 1011 Gaudeat
528 981 631 1011 fidelis
644 981 734 1020 plebs
804 1004 811 1011 .
894 1004 902 1011 .
947 981 1000 1018 (de
1013 980 1128 1018 Cruce)

293 1033 340 1062 59.
366 1032 477 1062 Gloria
491 1034 660 1062 resonante
675 1030 897 1068 cymbalorum
942 1031 982 1060 In
996 1030 1137 1060 Sabbato
1151 1031 1268 1060 Sancto

294 1083 341 1113 60.
366 1083 515 1112 Laudent
530 1082 662 1112 condita
676 1082 784 1111 omnia
805 1104 811 1111 .
896 1104 904 1112 .
949 1082 988 1110 In
1003 1081 1077 1118 Vig.
1095 1082 1304 1110 Pentecostes

294 1134 342 1163 6l.
367 1133 487 1163 Omnes
497 1133 601 1162 sancti
614 1132 783 1170 Seraphim
805 1155 813 1161 .
897 1154 905 1161 .
949 1131 1000 1168 (de
1016 1131 1166 1161 omnibus
1179 1130 1318 1168 Sanctis)

294 1184 340 1213 62.
366 1184 515 1213 consona
528 1184 658 1212 caterva
676 1181 853 1220 plaudente

293 1233 341 1265 63.
366 1234 419 1263 Ad
433 1235 467 1263 te
480 1234 617 1272 pulchra
630 1232 778 1271 cymbala.

295 1285 342 1315 64.
366 1284 460 1314 Aulae
474 1284 566 1313 celsae
581 1284 639 1313 lux
654 1293 781 1313 summa

294 1335 341 1365 65.
366 1335 530 1372 Angelicae
544 1336 661 1364 turmae
674 1333 892 1372 pulcherrima.

296 1385 342 1416 66.
366 1385 450 1415 Asee
465 1395 591 1414 summa

294 1436 341 1467 67.
366 1436 475 1471 Laude
491 1435 659 1466 Christum
672 1436 878 1466 modulemur
897 1459 904 1466 .
950 1434 1002 1472 (In
1016 1434 1100 1464 festo
1114 1434 1210 1464 unius
1225 1434 1369 1472 virginis)

295 1487 342 1517 68.
367 1487 491 1517 scalam
506 1487 547 1517 ad
561 1487 655 1517 caelos
715 1507 723 1515 .
805 1510 813 1517 .
897 1508 905 1517 .
950 1485 1002 1523 (de
1016 1485 1205 1523 virginibus)

295 1538 343 1567 69.
366 1538 526 1575 Plangant
540 1538 601 1567 filii

295 1589 342 1619 70.
367 1589 538 1618 Exsultate
552 1589 622 1618 Deo

295 1640 342 1670 71.
367 1639 469 1677 Salve,
486 1640 591 1669 mater
605 1638 729 1669 Christi
743 1638 770 1668 O
783 1637 906 1676 inclyta
957 1637 1008 1675 (tle
1023 1639 1134 1667 sancta
1148 1636 1262 1674 Maria)

296 1691 344 1721 72.
368 1700 384 1717 ss
447 1699 463 1716 *ι
525 1700 542 1717 ss

296 1741 343 1771 73.
362 1739 424 1778 (26)
447 1740 584 1769 Exsulta
598 1740 722 1776 caelum,
738 1739 848 1769 laetare
895 1762 904 1770 .
949 1739 988 1769 de
999 1739 1206 1808 ngnerando
1234 1738 1357 1769 Christi
1384 1737 1460 1769 Filii
1493 1737 1643 1776 Baptista

1023 1789 1042 1808 o
1067 1788 1149 1808 anne

297 1831 344 1861 74.
369 1840 384 1857 *
447 1840 463 1857 z
526 1839 543 1856 *

295 1879 342 1909 75.
367 1879 390 1908 J
393 1878 519 1908 ubilans
526 1877 914 1915 concrepaparaphonista
953 1876 994 1906 de
1008 1879 1119 1906 sancto
1134 1876 1256 1906 Pascha
1275 1899 1283 1907 .

296 1931 344 1961 76.
369 1930 466 1959 Alma
479 1930 592 1959 cohors
606 1939 671 1958 una
717 1952 725 1959 .
806 1952 814 1960 .
897 1952 904 1958 .
949 1928 989 1958 de
1003 1928 1033 1958 S.
1052 1928 1223 1958 Swithuno

297 1981 344 2013 77.
369 1981 594 2011 sollemnitate
607 1980 747 2009 rutilans
805 2002 813 2010 .
897 2002 905 2009 .
949 1979 989 2009 de
1003 1979 1034 2008 S.
1051 1980 1148 2009 Petro
1162 1979 1203 2009 ad
1216 1978 1359 2008 Vincula

296 2032 342 2063 78.
368 2032 437 2067 Eia,
451 2041 553 2067 musa,
570 2030 621 2060 dic
717 2052 724 2060 .
808 2053 815 2059 .
899 2053 906 2059 .
950 2030 1043 2059 Feria
1056 2029 1089 2059 11.
1109 2029 1193 2067 (post
1207 2029 1352 2067 Pentec.)
1371 2052 1377 2059 .
1694 2029 1725 2059 S.

298 2083 345 2114 79.
371 2082 495 2118 Gaude,
512 2083 619 2111 mater
632 2080 778 2110 Ecclesia
806 2104 812 2109 .
897 2103 904 2109 .
950 2081 976 2109 F
979 2080 1045 2109 eria
1059 2080 1105 2110 iii.
1125 2080 1209 2118 (post
1223 2078 1368 2117 Pentec.)

295 2133 342 2163 80.
368 2133 472 2163 Psalle
486 2133 587 2170 lyrica
601 2132 742 2162 carmina
899 2155 905 2161 .
952 2131 1004 2169 (In
1024 2131 1234 2161 hebdomadoe
1250 2131 1390 2169 Paschae)
1453 2154 1461 2161 .
1687 2147 1726 2152 —

296 2184 343 2214 81.
368 2184 428 2214 Dic
443 2183 535 2214 nobis
550 2194 621 2221 quae
635 2184 713 2213 sunt
899 2205 907 2213 .
952 2182 1046 2212 Feria
1058 2182 1104 2212 111.
1129 2182 1176 2219 (111
1190 2182 1284 2212 hebd.
1303 2181 1446 2219 Paschae)
1685 2182 1714 2211 S.

296 2235 344 2265 82.
369 2235 528 2264 Conciliat
543 2234 628 2263 orbis
643 2233 768 2263 cunctis
807 2255 816 2264 .
899 2256 908 2264 .
955 2232 1001 2270 (in
1015 2232 1219 2263 hebdomada.
1232 2232 1377 2270 Paschae)
1684 2232 1714 2262 S.

296 2287 344 2316 83.
368 2286 479 2316 Sancti
492 2286 602 2316 meriti
616 2284 786 2315 Benedicti
806 2307 814 2314 .
897 2307 905 2315 .
950 2284 990 2314 de
1004 2286 1115 2314 sancto
1128 2284 1306 2314 Benedicto

296 2335 343 2364 84.
368 2334 422 2363 Ad
435 2333 586 2370 celebres,
602 2343 660 2363 rex
674 2332 780 2362 caelice
806 2356 813 2362 .
897 2355 904 2362 .
950 2332 989 2362 de
1004 2333 1035 2362 S.
1053 2332 1222 2370 Michaele,
1239 2331 1430 2370 archangelo
1449 2354 1459 2363 .
1634 2354 1642 2362 .
1686 2331 1715 2361 S.

295 2385 343 2415 85.
368 2384 552 2414 Laudamus
561 2386 605 2421 te,
619 2394 677 2413 rex
684 2383 789 2413 Maria
801 2382 909 2421 genite
949 2382 1003 2420 (de
1016 2382 1133 2420 Cruce)

953 2433 999 2470 (in
1012 2433 1215 2463 hebdomada
1228 2433 1369 2470 Paschae)
1450 2456 1457 2464 .
1543 2456 1550 2464 .
1633 2457 1641 2464 .

296 2474 343 2505 86.
368 2474 494 2504 Laudes
508 2473 669 2504 Salvatori
715 2495 724 2504 .
808 2496 815 2503 .
899 2434 942 2548 ,ί
951 2472 1169 2542 Dzznliligaculis
1176 2473 1298 2503 Christi
1309 2475 1342 2503 et
1351 2473 1390 2503 de
1400 2473 1646 2503 Resurrectione

297 2565 345 2595 87.
370 2564 493 2594 Psallat
508 2563 651 2594 Ecclesia.
665 2564 770 2593 mater
810 2586 818 2594 .
901 2585 910 2593 .
955 2563 995 2592 de
1007 2523 1040 2593 JS.
1059 2562 1231 2592 Swithuno

298 2615 345 2644 88.
370 2615 448 2644 Dies
462 2625 552 2644 sacra
565 2614 633 2644 dies
646 2614 722 2644 ista.
807 2636 815 2643 .
897 2637 905 2644 .
950 2613 990 2643 de
1004 2614 1034 2643 S.
1052 2612 1270 2643 AEthelwoldo

298 2664 363 2695 *89.
371 2665 483 2695 Gaude
498 2666 586 2703 virgo
601 2667 706 2695 mater
715 2665 859 2696 Ecclesia
898 2688 906 2695 .
952 2664 1005 2702 (In
1019 2665 1072 2695 die
1086 2664 1290 2703 Epiphaniae)

299 2715 365 2745 ³90.
372 2716 486 2746 Gaude
500 2716 589 2753 virgo
604 2716 748 2746 Ecclesia
807 2739 815 2746 .
898 2738 906 2745 .
951 2715 1004 2753 (In
1019 2715 1073 2745 die
1086 2714 1290 2752 Epiphaniae)

684 2971 698 2985 *
724 2970 762 2998 In
777 2970 830 2999 the
848 2970 925 2999 Sion
941 2970 1069 3007 College
1084 2969 1153 2998 MS.
1170 2969 1203 2998 of
1224 2968 1314 2998 York
1328 2968 1516 3006 Sequences.

889 410 897 417 .
941 387 981 416 de
995 389 1106 416 sancto
1117 387 1347 416 monachorum
1360 386 1452 424 patre
1466 386 1642 416 Benedieto

892 712 899 719 .
943 688 1227 726 (InSabbatoante
1236 688 1520 726 Septuagesimam.
1560 661 1731 725 Kelirem.)

1754 809 1796 838 Y.
1839 809 1882 839 H.

1759 879 1799 909 Y.
1848 895 1887 899 —

1692 1893 1730 1897 ..
1751 1876 1801 1914 (Y,
1811 1876 1819 1913 )
1834 1875 1891 1897 *—

1765 2147 1805 2152 —
1843 2131 1887 2160 H.

1759 2182 1800 2212 Y.
1844 2181 1888 2211 H.

1759 2232 1801 2262 Y.
1844 2232 1888 2262 H.

1759 2331 1800 2360 Y.
1845 2331 1889 2361 H.

1761 2473 1800 2503 Y.
1845 2473 1888 2503 H.

1655 2434 1719 2547 }s.
