1979 3348
214 249 295 289 140
679 247 710 288 I
712 262 742 288 η
763 248 812 289 Ν
810 247 925 289 <stuli
945 247 1090 288 umus
1110 247 1163 288 M
1162 247 1342 302 artgyris.

292 356 421 394 Lectio
440 357 622 406 Epistoloe
642 359 740 395 beati
760 358 883 394 Pauli
902 358 1074 406 Apostoli
1088 374 1099 396 .·
1129 358 1194 395 Ad
1213 359 1396 407 Ephesios
1414 359 1461 409 (i.
1487 360 1551 396 3-8
1555 359 1587 409 )

293 410 473 447 Fratres:
503 411 737 448 Benedictus
758 412 864 448 Deus
884 416 924 447 ct
946 412 1063 447 Pater
1083 412 1247 448 Domini
1275 413 1399 448 nostri
1427 412 1454 449 J
1458 425 1525 449 esu
1554 412 1714 458 Christi,
1735 411 1805 460 qui

211 464 415 501 benedixit
456 478 527 501 nos
565 479 684 513 usque
721 466 773 502 acl
819 478 904 514 quae
942 466 1273 514 superabundavit
1309 466 1352 502 in
1389 466 1510 514 nobis,
1552 466 1628 503 Per
1664 466 1692 502 J
1696 478 1804 502 esum

213 518 413 556 Christum
435 518 651 555 Dominum
671 526 861 555 nostrum.

294 573 357 608 ild
382 572 618 609 Timotheum
645 572 691 622 (2
713 573 754 609 ii.
780 573 895 618 4-103
924 572 980 609 iii.
1008 573 1160 623 10-12).

295 626 510 669 Oai-issinie,
533 626 660 662 Nemo
681 626 856 662 militans
886 626 971 662 Deo
999 627 1175 675 implicat
1204 640 1243 664 se
1270 627 1437 676 negotiis
1460 627 1730 663 saecularibus:
1759 630 1806 662 ut

212 679 247 717 ei
266 680 416 728 placeat
436 680 499 715 cui
518 693 557 716 se
578 680 767 728 probavit.
827 680 931 716 Nam
952 684 991 716 et
1011 681 1079 729 qui
1097 684 1221 717 certat
1240 681 1281 717 in
1301 694 1433 730 agone,
1449 694 1527 717 non
1540 681 1803 726 coronabitur,

211 733 289 770 nisi
325 733 498 782 legitime
535 734 754 770 certaverit.
814 734 1077 770 Labor-antem
1114 735 1320 784 agricolam
1360 738 1514 783 oportet
1550 734 1721 783 primum
1759 734 1806 770 de

212 786 404 823 fructibus
434 787 640 836 percipere.
701 788 885 837 Intellige
912 801 997 837 quae
1020 789 1129 825 dico:
1159 789 1268 825 dabit
1292 788 1397 825 enim
1437 788 1512 824 tibi
1543 788 1737 824 Dominus
1764 787 1807 823 in

212 841 393 877 omuibus
413 841 666 878 intellectum.
727 841 881 878 Memor
904 846 986 878 esto
1014 842 1136 891 igitur
1154 842 1182 879 J
1185 855 1294 879 esum
1322 842 1523 879 Christum
1551 841 1807 878 resurrexisse

210 907 235 932 a
253 895 419 931 mortuis
439 908 487 931 ex
507 895 653 931 semine
674 895 816 941 David,
839 896 1052 932 secundum
1076 896 1321 945 evangelium
1342 909 1483 941 meum,
1505 896 1547 931 in
1567 908 1643 944 quo
1672 895 1805 931 laboro

211 961 335 998 usque
355 948 403 984 ad
419 949 575 985 vincula
590 949 700 998 quasi
721 950 819 986 male
839 963 1000 998 operans
1019 965 1026 987 :
1053 950 1119 986 sed
1134 951 1297 986 verbum
1318 950 1395 986 Dei
1413 963 1492 986 non
1512 953 1570 986 est
1589 949 1804 998 alligatum.

211 1001 308 1039 Ideo
339 1002 468 1038 omnia
499 1003 671 1039 sustineo
705 1007 864 1052 propter
893 1004 1045 1049 electOS,
1066 1008 1112 1040 ut
1140 1007 1179 1040 et
1209 1004 1285 1052 ipsi
1314 1004 1478 1040 salutem
1504 1007 1806 1052 consequantur,

213 1068 298 1105 quae
328 1060 386 1092 est
414 1056 455 1092 in
491 1056 646 1093 Christo
675 1057 702 1093 J
706 1070 783 1102 esu,
812 1070 901 1093 cum
937 1057 1060 1106 gloria
1088 1058 1242 1094 caelesti.
1301 1058 1359 1093 Tu
1388 1062 1519 1094 autem
1549 1061 1746 1094 assecutus
1766 1069 1806 1093 es

210 1122 336 1146 meam
375 1110 602 1156 doctrinam,
643 1111 946 1157 institutionem,
985 1112 1239 1160 propositum,
1284 1111 1411 1157 fidem,
1452 1111 1804 1159 longanimitatem,

206 1163 468 1207 dilectionem,
489 1164 732 1212 patientiam,
755 1165 1049 1212 persecutiones,
1074 1165 1290 1213 passiones:
1319 1165 1450 1214 qualia
1469 1165 1567 1200 mihi
1587 1164 1690 1201 facta
1715 1168 1809 1200 sunt

209 1217 447 1262 Antioohiae,
488 1217 615 1254 Iconii
651 1222 691 1254 et
728 1218 880 1266 Lystris
903 1232 909 1254 :
957 1219 1091 1267 quales
1127 1218 1413 1267 persecutiones
1456 1219 1635 1261 sustinui,
1676 1222 1715 1254 et
1759 1231 1808 1254 ex

209 1272 390 1307 omnibus
426 1271 572 1320 eripuit
609 1285 671 1307 me
704 1271 908 1309 Dominus.
979 1272 1032 1308 Et
1060 1285 1205 1316 omnes,
1239 1272 1307 1321 qui
1335 1273 1397 1322 pie
1430 1272 1570 1308 volunt
1602 1272 1736 1308 vivere
1765 1272 1807 1307 in

212 1324 369 1362 Christo
389 1324 497 1370 JeSU,
519 1326 828 1373 persecutionem
847 1325 1059 1374 patientur.

290 1378 356 1414 Ad
378 1379 618 1415 Timotheum
637 1380 684 1425 (2
706 1380 751 1416 ίυ.
780 1380 876 1429 l-S).

292 1432 498 1468 Carissime
516 1447 522 1469 :
552 1433 753 1470 Testificor
772 1447 898 1469 coram
922 1433 1006 1470 Deo
1026 1438 1065 1470 et
1084 1433 1113 1470 -J
1116 1447 1182 1470 esu
1203 1433 1371 1479 Christo,
1392 1433 1461 1483 qui
1479 1433 1729 1482 judica-turus
1748 1435 1808 1469 est

207 1485 318 1522 vivos
339 1491 378 1523 et
398 1493 571 1524 mortuos
590 1501 708 1536 usque
728 1487 782 1524 acl
799 1501 878 1523 non
898 1488 1025 1524 solum
1056 1492 1188 1524 autem
1208 1488 1317 1535 mihi,
1334 1488 1401 1524 sed
1421 1491 1460 1524 et
1479 1488 1539 1524 his
1554 1487 1623 1536 qui
1638 1487 1809 1536 diligunt

212 1540 428 1578 adventum
448 1541 542 1589 ejus.

290 1594 415 1631 Lectio
434 1594 611 1643 Epistola
630 1595 729 1631 beati
747 1595 870 1631 Pauli
888 1594 1060 1644 Apostoli
1074 1611 1085 1633 .·
1114 1595 1178 1632 Ad
1201 1595 1440 1632 Timotheum
1463 1595 1510 1645 (2
1530 1595 1579 1632 iv.
1606 1594 1756 1643 17-18).

292 1647 497 1685 Carissime
514 1663 521 1685 :
562 1649 756 1685 Dominus
789 1649 887 1685 mihi
924 1649 1054 1686 astitit
1091 1663 1210 1698 usque
1243 1650 1296 1686 ml
1333 1650 1396 1686 cui
1432 1649 1556 1699 gloria
1589 1649 1632 1685 in
1665 1648 1805 1685 saecula

212 1702 450 1739 saeculorum.
510 1702 652 1739 Amen.

291 1755 356 1791 Ad
377 1756 618 1793 Timotheum
637 1756 685 1805 (2
706 1757 746 1794 ii.
772 1757 828 1793 8-1
841 1757 898 1806 O).

291 1809 448 1846 Memor
466 1814 548 1846 esto
567 1810 593 1846 J
599 1824 703 1846 esum
728 1810 929 1846 Christum
948 1823 1067 1859 usque
1087 1811 1140 1847 cod
1161 1823 1248 1847 cum
1268 1810 1392 1860 gloria
1411 1810 1564 1847 caelesti.

291 1862 356 1899 Ad
377 1863 423 1899 H
422 1863 555 1900 ebroeos
574 1864 679 1909 (miii.
705 1864 828 1914 9-16).

290 1916 471 1954 Fratres:
519 1918 720 1954 Doctrinis
757 1918 876 1954 variis
914 1922 953 1954 et
991 1918 1204 1967 peregrinis
1241 1918 1365 1954 nolite
1402 1917 1544 1954 abduci
1588 1931 1708 1967 usque
1755 1916 1809 1953 (αἱ

210 1970 373 2009 Talibus
393 1971 497 2007 enim
517 1972 654 2008 hostiis
674 1977 918 2021 promeretur
938 1972 1056 2009 Deus.

297 2024 473 2061 Gradale.

292 2078 475 2124 Posuisti,
499 2079 680 2125 Domine,
702 2092 818 2128 super
837 2084 955 2128 caput
975 2080 1057 2128 ejus
1077 2093 1258 2116 coronam
1279 2079 1326 2116 de
1354 2079 1483 2128 lapide
1501 2079 1681 2128 pretioso.

219 2132 256 2170 V.
293 2132 541 2169 Desiderium
560 2133 700 2169 animae
720 2134 804 2181 ejus
823 2133 999 2170 tribuisti
1019 2133 1076 2171 ei:
1107 2138 1147 2170 et
1166 2134 1372 2170 voluntate
1397 2134 1591 2170 labiorum
1619 2134 1702 2183 ejus
1730 2145 1810 2169 non

211 2186 404 2224 fraudasti
424 2200 523 2224 eum.

298 2240 475 2277 Gradale.

292 2294 439 2331 Beatus
458 2295 530 2341 vir,
553 2295 621 2344 qui
640 2295 755 2332 timet
775 2295 992 2331 Dominum
1010 2310 1017 2333 :
1047 2295 1090 2331 in
1109 2295 1305 2332 mandatis
1325 2296 1408 2344 ejus
1427 2295 1536 2344 cupit
1556 2295 1684 2331 nimis.

220 2347 258 2386 V.
296 2348 442 2385 Potens
462 2348 504 2385 in
522 2356 628 2385 terra
647 2350 722 2386 erit
742 2362 873 2386 semen
894 2350 976 2399 ejus
993 2364 1001 2388 :
1030 2349 1229 2399 generatio
1249 2354 1444 2386 rectorum
1463 2349 1725 2386 benedicetur.

295 2402 473 2439 G'radale.

290 2456 317 2492 ,J
322 2460 433 2492 ustus
452 2468 531 2492 non
551 2457 851 2493 conturbabitur
868 2471 874 2493 :
903 2457 996 2506 quia
1015 2457 1212 2494 Dominus
1231 2457 1361 2493 firmat
1381 2469 1540 2493 manum
1560 2456 1652 2505 ejus.

219 2508 258 2548 V.
296 2510 396 2546 Tota
415 2510 477 2546 die
496 2509 702 2546 miseretur
721 2515 761 2547 et
780 2511 999 2548 commodat
1015 2525 1022 2548 ε
1053 2515 1092 2548 et
1111 2524 1242 2548 semen
1262 2511 1345 2559 ejus
1370 2511 1412 2547 in
1431 2510 1700 2552 benedictione
1719 2510 1805 2547 erit.

297 2563 472 2600 Gradcde.

290 2617 432 2653 ‚Iustus
464 2621 509 2654 ut
539 2617 670 2666 palma
702 2618 880 2656 florebit:
921 2619 1022 2656 sicut
1055 2619 1192 2655 cedrus
1225 2618 1369 2655 Libani
1405 2617 1734 2667 multiplicabitur
1766 2618 1809 2654 111

213 2670 327 2707 domo
351 2671 435 2707 Dei.

217 2724 255 2762 V.
294 2725 360 2760 Ad
391 2725 707 2762 annuntiandum
740 2739 854 2763 mane
884 2727 1189 2763 misericordiam
1218 2729 1357 2763 tuam:
1390 2729 1430 2762 et
1458 2725 1667 2762 veritatem
1696 2729 1809 2763 tuam

213 2791 283 2830 per
300 2782 464 2814 noctem.

293 2832 491 2881 Alleluya.
559 2832 597 2869 V.
641 2833 861 2870 Laetabitur
885 2835 1016 2883 justus
1046 2834 1089 2870 in
1120 2834 1302 2880 Domino,
1324 2837 1364 2870 et
1393 2833 1565 2883 sperabit
1594 2833 1637 2870 in
1667 2846 1735 2870 eo:
1770 2837 1810 2870 et

210 2885 477 2923 laudabuntur
496 2899 627 2923 omnes
646 2888 742 2923 recti
763 2888 886 2924 corde.

293 2940 487 2989 Alleluya.
555 2940 590 2978 V.
623 2940 807 2988 Posuisti,
830 2941 1010 2989 Domine,
1032 2955 1146 2992 super
1165 2945 1282 2991 caput
1300 2941 1383 2990 ejus
1406 2953 1587 2978 coronam
1607 2941 1654 2978 de
1680 2941 1809 2991 lapide

215 2993 398 3046 pretioso.
