1979 3348
742 200 868 242 Festa
897 201 1103 255 Aufflcsti.
1659 202 1715 248 87

599 310 737 356 Psalle,
760 311 880 359 psalle
899 311 987 346 nisu
1005 314 1089 347 toto

600 364 745 410 Cordis,
767 364 854 410 oris,
876 377 979 410 voce,
1000 368 1103 410 voto,

650 419 739 454 Ave
758 417 872 466 plena
890 417 1026 466 gratia,

596 471 686 506 Ave
705 471 839 519 regina
858 472 1050 516 caelorum,

596 524 812 573 Inexperta
830 524 906 559 viri
924 528 1066 570 torum,

649 577 795 614 Parcus
815 576 959 613 maris÷÷
978 578 1115 614 nescia.

595 630 628 666 F
631 632 820 667 ecundata
839 631 922 667 sine
940 631 1036 675 viro,

596 684 777 721 Genuisti
796 684 907 720 modo
927 684 1026 720 miro

648 737 873 774 Genitoreni
893 737 983 773 filia.

593 791 625 826 F
629 791 753 827 lorens
772 791 908 827 hortus
927 795 1059 826 aust-ro
1078 790 1206 836 flante,

593 844 713 880 Porta
733 845 862 880 clausa
881 848 968 893 post
987 848 1026 880 et
1045 848 1147 891 ante,

646 898 725 934 Via
743 898 838 934 viris
857 898 975 934 invia.

593 951 695 987 Fusa
715 952 797 988 caeli
816 965 901 987 rore
920 951 1048 995 tellus,

592 1005 740 1041 Fusum
761 1005 951 1041 Gedeonis
970 1005 1094 1041 vellus

645 1058 815 1095 Deitatis
834 1058 978 1107 pluvia.

591 1112 704 1149 Salve
725 1112 904 1161 splendor
923 1112 1159 1148 firmamenti
1174 1126 1183 1157 3

590 1166 649 1202 Tu
670 1166 888 1215 caliginosae
908 1165 1034 1202 menti

644 1219 822 1268 Desuper
840 1219 984 1255 irradia
999 1233 1009 1265 3

591 1273 708 1309 Placa
726 1286 842 1318 mare,
864 1274 981 1309 maris
1001 1273 1125 1315 stella⁷

590 1327 652 1363 Ne
672 1327 848 1363 involvat
867 1337 936 1363 nos
955 1326 1123 1375 procella

642 1380 696 1417 Et
714 1384 923 1429 tempestas
944 1380 1069 1417 obvia.

419 1509 566 1548 SANCTI
596 1510 752 1555 MAGM,
782 1519 990 1545 MARTYRIS.
1052 1507 1146 1558 (xiv.
1170 1508 1259 1545 Kal.
1284 1508 1405 1558 Sept.)

215 1560 394 1609 Officium.

205 1615 365 1662 Adesto,
406 1616 586 1664 Domine,
627 1615 973 1665 supplicationibus
1009 1615 1162 1661 nostris,
1204 1619 1243 1652 013
1288 1615 1549 1652 intercedente
1594 1616 1707 1652 beato

127 1667 272 1716 Magno
303 1673 474 1718 martyre
501 1675 580 1717 tuo,
612 1671 660 1706 ab
688 1670 859 1706 hostium
892 1682 961 1705 nos
992 1668 1153 1705 defende
1185 1669 1376 1718 propitius
1407 1669 1575 1706 incursu.
1633 1669 1709 1706 Per

127 1721 350 1760 Dominum.

204 1775 361 1813 Secreta.

205 1829 353 1867 Praesta
384 1831 505 1877 nobis,
535 1843 765 1880 quaesumus,
796 1830 1040 1878 omnipotens
1070 1830 1187 1876 Deus,
1216 1833 1262 1866 ut
1295 1834 1435 1867 nostrse
1468 1830 1705 1867 humilitatis

124 1881 269 1919 oblatio
298 1888 337 1920 et
363 1897 432 1933 pro
460 1888 618 1921 tuorum
645 1885 719 1920 tibi
746 1887 857 1933 grata
885 1884 936 1920 sit
963 1883 1108 1920 honore
1136 1888 1367 1931 sanctorum,
1390 1889 1428 1921 et
1451 1897 1521 1921 nos
1549 1897 1705 1933 corpore

124 1936 269 1984 pariter
287 1941 327 1973 et
345 1942 474 1974 mente
492 1939 679 1987 purificet.
738 1937 814 1973 Per
834 1937 1058 1974 Dominum.

203 1990 519 2028 Postcowwmmio.

203 2043 285 2080 Tua
313 2049 444 2081 sancta
472 2049 677 2091 sumentes,
700 2057 932 2093 quaesumus,
954 2043 1134 2091 Domine,
1156 2049 1201 2080 ut
1228 2045 1331 2081 beati
1351 2045 1489 2094 Magni
1519 2044 1702 2094 martyTis

124 2097 184 2133 tui
203 2110 272 2134 nos
290 2097 447 2134 foveant
466 2100 691 2135 continuata
710 2098 897 2144 praesidia.
956 2097 1033 2134 Per
1052 2098 1275 2134 Dominum.

206 2151 348 2196 Quinto
368 2152 436 2189 die.
496 2152 740 2200 ›S'equcentia.†

549 2205 761 2242 Benedicta
781 2218 819 2241 es
840 2204 1019 2241 caelorum
1038 2206 1183 2254 regina,

549 2260 601 2295 Et
620 2259 758 2295 mundi
777 2258 897 2294 totius
920 2259 1088 2304 domina,

603 2313 656 2348 Et
675 2312 785 2361 aegris
804 2312 1005 2348 medicina.

549 2366 609 2402 Tu
630 2366 814 2415 praeclara
834 2366 951 2401 maris

550 2420 673 2456 Stella
692 2419 854 2465 vocaris,

551 2474 645 2518 Quae
666 2474 785 2509 solem
799 2472 967 2521 justitiae
987 2472 1104 2521 paris,

601 2528 643 2563 A
662 2540 738 2575 quo
757 2526 1004 2562 illuminaris

549 2581 603 2616 Te
624 2581 731 2617 Deus
751 2584 871 2628 pater,

550 2634 611 2670 Ut
631 2634 707 2670 Dei
725 2637 851 2669 mater

550 2687 692 2734 Fieres,
716 2691 755 2723 et
773 2688 854 2736 ipse
873 2686 995 2723 frater

601 2741 722 2790 Cujus
742 2754 827 2777 eras
846 2740 940 2786 filia,

201 2807 218 2824 ἕ
239 2807 282 2836 So
296 2807 446 2836 Kehrein.
489 2808 568 2837 Edd.
583 2808 646 2837 and
660 2808 718 2837 MS
725 2808 892 2845 S.—pa1·is.

200 2845 216 2884 †
237 2846 330 2875 MSS.
353 2847 394 2884 A,
414 2847 451 2885 B,
470 2847 533 2875 and
555 2848 578 2876 O
600 2848 673 2885 give
693 2848 726 2876 in
747 2848 800 2875 the
822 2847 1002 2876 Sanctoralc
1030 2847 1080 2875 for
1100 2846 1175 2883 this,
1195 2846 1248 2875 tho
1275 2846 1346 2876 fifth
1367 2846 1428 2884 day
1449 2846 1481 2874 of
1508 2846 1559 2875 the
1582 2844 1699 2874 Octava

124 2883 297 2921 (exclusive
323 2886 355 2914 of
383 2886 436 2914 the
470 2886 564 2915 Feast
588 2887 674 2916 itself
700 2898 707 2923 ς
735 2887 788 2915 the
815 2886 987 2923 sequence,
1010 2886 1158 2915 “Missus
1180 2885 1351 2923 Gab1-iel;”
1377 2885 1439 2914 and
1464 2885 1512 2913 for
1540 2885 1593 2912 the
1615 2883 1701 2912 sixtli

124 2922 194 2959 day,
214 2924 342 2954 “Mittit
367 2925 407 2953 ad
426 2925 613 2962 virginem.”
684 2935 704 2953 11
725 2926 778 2954 the
799 2926 951 2954 collected
973 2926 1150 2963 Soquenees
1178 2925 1247 2954 MS.
1272 2925 1295 2954 C
1317 2934 1427 2962 agrees
1448 2924 1527 2953 with
1547 2923 1599 2952 the
1621 2923 1698 2952 text.
1737 2922 1739 2925 '

125 2961 220 2991 MSS.
241 2962 270 2991 D
290 2964 352 2992 and
373 2964 403 2993 G
423 2965 500 2994 omit
519 2965 571 2994 the
594 2965 773 3002 Sequences
792 2964 841 2993 for
862 2966 950 2994 these
969 2967 1033 2994 two
1054 2965 1140 3001 days.
