1979 3348
254 219 335 259 312
968 215 1123 257 Prosoe.

354 328 450 372 Quae
472 327 625 377 jugiter
642 326 816 375 tripudio
835 325 990 362 infinito
1009 325 1182 376 gaudent
1200 330 1239 363 et
1268 326 1480 374 exsultant,
1496 327 1672 376 jubilant
1690 327 1841 365 cantica

463 393 566 418 nova
585 380 794 425 dulcisona,

358 435 592 484 Perpetuam
614 434 872 480 Dominicam‚

356 488 591 525 Trinitatem
611 492 785 524 sanctam
805 487 1005 524 cernentia·
1023 490 1252 536 regnantem
1272 486 1313 522 in
1332 499 1401 523 sua
1420 487 1553 536 gloria.

357 542 508 587 Quibus
522 542 604 590 jam
625 541 942 577 intercessoribus
960 545 1004 577 tu
1024 553 1105 585 nos,
1128 540 1292 586 Christe,
1313 541 1361 577 ab
1380 541 1487 577 omui
1505 541 1656 578 macula

356 594 498 640 Ablue,
518 601 557 632 et
578 598 772 631 consortes
800 594 878 630 illis
899 607 968 631 nos
988 595 1092 631 effice
1121 598 1191 630 tua
1210 594 1426 642 clementia,

359 649 444 686 Ubi
463 653 590 686 tecum
610 661 744 685 omnes
763 648 888 685 sancti
901 647 1052 698 jugiter
1069 647 1281 685 exsultant.

963 792 1136 829 LXXV.

824 878 889 915 DE
917 890 1066 916 SANc'ro
1095 879 1271 916 PAscHA.

600 961 725 997 Prosa
745 961 797 996 ad
815 959 1023 1008 Sequentia
1042 960 1166 1008 Vaga.

599 1021 789 1071 Alleluya.

518 1084 720 1120 Jummxs
741 1094 947 1121 CONCREPA
966 1097 1070 1120 nunc
1090 1084 1375 1133 paraphonista.

522 1137 648 1173 Solita
668 1137 869 1186 praecelsas
888 1138 949 1173 dic
968 1137 1196 1186 palinodias,

521 1191 626 1235 Quas
645 1204 795 1240 semper
814 1196 978 1227 exornet
997 1191 1229 1240 symphonia
1248 1192 1496 1241 perplurima,

519 1244 546 1280 J
552 1244 729 1293 ungendo
749 1245 900 1281 cantica
919 1245 1088 1281 modulis
1107 1244 1405 1295 hypophrygica.

520 1298 626 1334 Nam
646 1298 809 1334 resultet
829 1299 909 1335 dies
928 1299 1008 1344 illa,

522 1352 608 1396 Qua
627 1353 795 1401 resurgit
816 1352 953 1388 mundi
972 1353 1063 1389 vita.

518 1405 602 1441 Nos
621 1419 690 1442 sua
709 1406 915 1442 clementia

521 1459 679 1496 Ditavit
698 1472 765 1508 spe
783 1460 923 1505 valida,

520 1512 606 1557 Quo
625 1517 712 1562 post
731 1526 976 1561 resurgamus
995 1514 1037 1550 in
1057 1514 1204 1551 saecula.

949 1643 1149 1682 LXXVI.

710 1723 833 1759 Frosa
859 1734 912 1759 DE
943 1722 1099 1759 SANCTO
1130 1722 1360 1759 SWITHUNO.

331 1775 523 1825 Alleluya.

251 1838 375 1875 ALMA
402 1848 557 1874 COHORS
586 1848 670 1875 UNA
697 1837 859 1874 laudum
878 1850 1016 1874 sonora
1034 1851 1138 1874 nunc
1157 1850 1291 1886 prome
1310 1837 1502 1886 praeconia
1521 1837 1718 1887 Alleluya,

253 1892 404 1936 Quibus
424 1905 472 1928 en
492 1891 655 1941 insignis
673 1891 812 1928 rutilat
833 1891 1062 1928 Swithunus
1081 1896 1127 1927 ut
1145 1891 1250 1937 luna,
1272 1892 1418 1940 solque,
1439 1891 1574 1929 sidera..

254 1946 489 1982 Meritorum
510 1950 568 1982 est
588 1945 752 1981 mirifica
770 1945 925 1981 radians
945 1945 1048 1981 idem
1067 1958 1174 1981 sacra
1192 1946 1461 1994 praerogativa.

252 1999 333 2036 Hic
353 2013 443 2036 nam
474 1999 626 2048 Sophiae
651 1999 817 2047 mystica
842 1999 999 2035 ornavit
1025 1999 1121 2035 mire
1150 1999 1331 2049 dogmata
1353 2013 1431 2048 qua
1453 1999 1564 2035 fulsit
1590 1999 1714 2036 nitida
1739 1999 1844 2037 lucu-

358 2053 487 2090 lenter
504 2066 573 2102 per
591 2053 720 2102 ampla
739 2053 842 2089 orbis
861 2053 998 2101 spatia,

251 2107 378 2144 Verbi
407 2120 559 2144 necnon
588 2106 792 2143 fructifera
821 2107 924 2143 sevit
943 2106 1070 2143 divini
1089 2107 1247 2154 semina,
1269 2106 1461 2144 mentium
1493 2106 1636 2156 prava÷÷
1665 2107 1844 2156 pellendo

358 2174 513 2210 quoque
532 2164 671 2197 cuncta
694 2160 818 2197 noctis
837 2160 983 2197 nubila.

252 2214 333 2252 Hic
350 2214 497 2251 famina
515 2215 685 2251 fundens
709 2214 811 2259 diva,
832 2218 969 2263 utpote
995 2214 1162 2251 caelestia
1180 2215 1307 2251 ferens
1326 2215 1368 2251 in
1382 2228 1423 2251 se
1441 2215 1617 2261 numina,

251 2268 491 2305 sublimavit
510 2268 711 2305 Catholica
731 2268 981 2305 vehementer
999 2268 1170 2305 culmina
1189 2273 1322 2305 sancta
1341 2282 1410 2317 per
1429 2268 1592 2318 eloquia.

251 2322 292 2358 Is
311 2335 449 2372 nempe
469 2322 569 2359 celsa
588 2335 743 2371 compos
761 2322 885 2371 gloria
903 2335 1008 2359 nunc
1028 2322 1201 2359 exsultat
1219 2323 1325 2359 inter
1344 2323 1567 2359 laetabunda
1586 2322 1842 2360 caelicolarum

355 2389 475 2413 ovans
492 2375 746 2413 contubernia
764 2389 772 2412 ε

251 2430 436 2467 Sublimis
462 2434 572 2467 extat
598 2430 687 2466 sede
711 2443 850 2479 supera
874 2430 1008 2466 fruens
1027 2430 1110 2467 vita
1136 2443 1286 2479 semper
1309 2430 1543 2467 inexhausta
1567 2435 1627 2467 sat
1647 2443 1714 2480 per
1743 2431 1842 2467 salu-

355 2484 526 2520 berrima
546 2484 693 2520 Christi
710 2496 861 2532 pascua.

252 2537 284 2574 O
302 2538 464 2587 dignum
483 2542 623 2574 cuncta
636 2537 748 2574 laude
768 2537 948 2586 praecelsa
966 2538 1170 2586 praesulem
1186 2542 1298 2574 tanta
1316 2542 1476 2574 nactum
1490 2538 1632 2587 gaudia
1646 2539 1841 2576 virtutum

356 2595 516 2641 propter
533 2591 684 2637 merita,
705 2592 848 2640 quibus
862 2591 990 2640 viguit
1008 2592 1147 2628 ardens
1165 2592 1276 2628 velut
1294 2591 1482 2641 lampada.

251 2645 336 2681 Nos
359 2646 538 2694 quoque†
568 2645 671 2682 clara
701 2645 791 2682 hinc
817 2649 857 2681 et
882 2645 1052 2693 jocunda
1082 2646 1219 2682 (lantes
1249 2659 1404 2682 oramus
1434 2659 1564 2694 preces
1587 2650 1628 2683 et
1645 2650 1749 2693 vota,
1771 2647 1839 2696 qui

355 2699 468 2735 nobis
487 2699 587 2735 ferat
606 2699 815 2744 commoda,
837 2699 1021 2747 impetret
1039 2703 1079 2735 et
1098 2703 1243 2736 aeterna
1262 2712 1421 2748 poscens
1440 2699 1610 2748 praemia.

251 2752 363 2796 Quod
382 2752 482 2801 petit
501 2765 667 2801 praesens
687 2757 853 2797 caterva,
869 2753 1102 2802 praesulurnss
1121 2766 1272 2802 gemma
1284 2782 1292 2797 ‚
1312 2753 1453 2789 devota
1473 2753 1685 2802 rependens
1704 2755 1839 2791 munia

354 2810 486 2842 mente
515 2807 674 2853 sincera,
705 2806 872 2843 favenda
904 2806 979 2843 sibi
1006 2819 1163 2856 precum
1194 2807 1385 2843 instantia
1414 2807 1560 2844 scilicet
1587 2811 1633 2843 ut
1659 2808 1837 2856 polorum

355 2859 479 2896 intret
501 2859 638 2896 limina
654 2873 664 2906 3

251 2956 265 2970 ’²
282 2954 409 2984 MS.-“
418 2956 544 2993 parvas
622 2955 640 2993 †
654 2953 768 2984 Sarum
781 2954 954 2983 Missal—“
965 2955 1070 2984 voce.''
1153 2955 1174 2991 ‡
1190 2954 1233 2983 So
1249 2954 1364 2984 Sarum
1378 2955 1499 2985 Missal.
1536 2956 1669 2987 MS.—‘⁵
1679 2957 1838 2996 praesulil'
