1979 3348
293 229 374 269 306
1013 224 1177 268 Prosae.

289 337 430 374 Hostis
448 351 534 387 quae
553 337 696 374 stravit
715 336 890 385 imperia,
911 336 1094 372 liberavit
1112 340 1151 373 et
1173 350 1276 375 arva.

291 390 405 428 Salus
418 392 589 440 jocunda
607 392 718 428 nobis
738 403 787 427 ex
807 403 884 439 qua
903 390 1025 435 floret,
1049 390 1212 427 felicitas
1226 391 1350 440 fulget
1369 394 1486 440 atque
1505 404 1650 428 serena.

290 444 353 481 Ex
373 458 447 495 qua
467 458 629 482 munera
648 448 781 481 sancta
800 443 965 489 stillant,
988 456 1066 492 pax
1084 444 1271 492 procedit,
1294 444 1378 481 vita
1396 445 1514 481 micat
1533 449 1573 481 et
1591 444 1702 483 alma.

290 498 448 535 Siderea
466 512 534 548 per
554 512 670 548 quam
689 510 807 546 regna
828 501 977 546 patent,
1000 498 1141 546 gaudia
1161 502 1322 534 manant
1341 502 1381 534 et
1399 511 1575 547 superna.

291 551 324 589 Ο
345 565 441 589 crux
461 558 603 597 sancta,
626 556 666 588 te
686 551 798 588 laude
817 555 1000 587 canentes
1020 551 1169 587 virtute
1189 555 1258 587 tua
1270 564 1358 601 rege
1377 551 1441 601 pia
1461 551 1591 588 omnia
1609 564 1679 601 per
1696 556 1881 601 tempora.

1029 679 1142 716 LIX.

368 731 434 768 Ad
451 731 658 780 Sequentia
677 732 890 769 Ploratum.

368 793 564 842 Alleluya.

286 854 448 892 GLORIA
475 866 707 892 RESONANTE
736 867 1014 894 CYMBALORUM
1034 856 1215 893 Ecclesiae
1235 861 1463 906 prorumpet
1479 857 1533 894 sic
1548 870 1625 894 vox
1645 857 1852 896 dulcisona.

289 908 350 944 Sit
369 909 454 944 laus
473 923 639 946 vernans
658 910 742 955 tibi,
767 910 933 956 Christe,
954 923 1104 959 semper
1124 910 1238 947 decus
1258 915 1375 960 atque
1394 911 1560 948 rutilans

290 962 461 1000 Luciferi
480 967 571 999 ante
590 967 732 1009 ortum,
753 977 877 1000 canna
896 965 1001 1000 canit
1020 969 1066 1000 ut
1086 964 1276 1001 Davitica.

287 1015 445 1053 Pollens
465 1016 701 1066 Verbigena,
722 1018 885 1054 formam
908 1019 975 1067 qui
995 1018 1161 1055 clemens
1179 1018 1410 1055 homiferam

288 1070 527 1119 sumpseras,
548 1084 664 1120 quam
685 1072 807 1108 crucis
826 1085 892 1108 ara
911 1071 1096 1121 portavit,
1117 1085 1184 1108 ara
1202 1085 1320 1118 sacra,

286 1123 340 1159 Et
359 1124 464 1161 clara
482 1125 705 1174 propagasti
724 1125 844 1174 stirpe
860 1125 964 1162 orbis
983 1138 1052 1174 per
1070 1125 1302 1162 lustramina

286 1177 341 1214 Te
359 1177 463 1227 (sic)
482 1178 680 1215 ecclesiam
700 1183 830 1227 spreta
849 1192 1043 1228 synagoga
1057 1180 1179 1215 errori
1198 1192 1306 1228 vaga.

285 1231 395 1267 Hinc
414 1245 505 1281 rogo
525 1232 648 1268 crucis
667 1246 737 1281 per
755 1232 940 1281 stigmata
958 1239 1077 1281 atque
1096 1233 1243 1269 fluenta
1262 1246 1331 1282 per
1350 1245 1469 1280 rosea,

286 1285 392 1329 Quos
411 1286 485 1321 tibi
504 1285 604 1322 filios
624 1299 793 1335 procoeo,
815 1286 919 1335 reple
938 1288 1065 1336 gratia
1089 1286 1264 1323 caelifiua.

284 1337 382 1375 Fide
397 1339 578 1376 armifera
598 1340 701 1376 mala
720 1340 923 1389 anguifera

285 1392 372 1436 Quo
391 1393 563 1440 vincant,
584 1394 691 1430 curia
711 1398 750 1430 et
769 1395 810 1430 in
829 1394 1026 1443 stelligera

284 1446 390 1483 Diva
409 1460 477 1497 per
496 1447 609 1484 saecla
628 1448 812 1484 laetentur
831 1461 982 1485 corona.

1034 1554 1124 1591 LX.

469 1615 534 1652 Ad
553 1615 759 1664 Sequentia
779 1616 961 1653 Laudent
981 1621 1021 1653 te
1040 1616 1115 1665 pia.

468 1677 667 1727 Alleluya.

387 1738 586 1776 LAUDENT
614 1751 789 1777 CONDITA
817 1751 948 1777 OMNIA
976 1740 1148 1789 pulchra.

387 1792 598 1839 Phoebusfi'*
617 1794 740 1840 stella,
762 1807 852 1840 nox,
874 1794 1059 1843 Cynthia,
1081 1794 1174 1839 dies,
1194 1807 1299 1840 arva,
1321 1793 1432 1840 freta,

389 1846 476 1891 Qua
495 1848 645 1884 virtute
664 1861 735 1897 pro
754 1861 914 1884 munere
934 1861 1011 1897 quo
1030 1848 1181 1897 possint
1199 1847 1335 1897 gloria,

387 1900 582 1937 Dextram
602 1902 831 1938 omniferam
852 1901 928 1938 Dei
947 1901 1234 1951 plasmati-icem
1253 1901 1496 1950 sapientiam.

387 1954 541 1991 Canant
559 1968 603 1991 ac
622 1955 799 2004 cymbala
817 1968 922 1992 nunc
949 1959 1083 1992 nostra
1103 1955 1258 1992 tinnula
1276 1955 1541 1992 modulamina

387 2007 644 2045 Clementiam
665 2009 912 2046 salvatricem
932 2009 1104 2057 ejusdem
1124 2009 1223 2045 divae
1243 2008 1387 2058 sophiae
1402 2008 1633 2047 almificam:

387 2062 482 2107 Quae
502 2062 650 2112 fulgida
669 2063 897 2112 praeviatrix
915 2062 1062 2099 invitat
1080 2062 1145 2111 pia
1163 2062 1317 2112 agmina
1337 2062 1568 2100 Christicola

385 2116 565 2153 Peribola
583 2117 633 2152 ad
652 2117 822 2165 speciosa
840 2121 1040 2165 portarum
1062 2116 1166 2162 Sion,
1183 2116 1288 2153 ultra
1302 2116 1426 2153 Jacob
1445 2116 1580 2154 decora
1600 2117 1769 2155 tentoria
1784 2130 1795 2164 ;

386 2170 472 2214 Qua
492 2170 633 2207 rutilat
652 2170 826 2208 Trinitas
844 2170 913 2207 illa
931 2171 1045 2207 beata
1063 2170 1125 2207 sui
1144 2170 1349 2219 praesentia
1367 2170 1498 2207 electis
1516 2170 1688 2208 revelata
1703 2184 1714 2218 3

385 2224 473 2268 Qua
501 2237 579 2273 pax
611 2237 772 2271 summa,
805 2237 882 2273 qua
913 2224 1106 2273 splendor,
1140 2237 1217 2273 qua
1249 2224 1362 2261 decus
1391 2229 1543 2272 vernat,
1571 2224 1661 2262 aula
1686 2238 1870 2277 gemmea,

491 2278 600 2327 plebs
618 2291 746 2323 aurea,
766 2291 853 2314 rosa
872 2291 1068 2328 purpurea
1086 2291 1164 2327 qua
1182 2277 1305 2327 spirat
1323 2290 1366 2314 ac
1385 2277 1467 2315 lilia
1489 2291 1501 2325 ς

384 2331 556 2368 Ecclesia
575 2345 652 2381 qua
671 2332 814 2368 clamat
833 2332 1025 2368 Hosanna
1043 2332 1199 2377 celsum,
1221 2336 1260 2368 et
1279 2345 1357 2381 qua
1375 2331 1575 2369 Cherubin
1595 2337 1635 2369 et
1654 2332 1857 2383 Seraphim

385 2384 552 2422 Sanetus
566 2390 627 2422 ter
645 2385 790 2435 repetit
809 2389 955 2422 aeterna
974 2399 1060 2423 cum
1080 2385 1212 2435 gloria.

383 2438 468 2475 Vos
487 2439 631 2476 beabili
650 2453 727 2488 qua
746 2439 876 2488 palma
894 2439 1095 2476 redimitos
1114 2440 1326 2488 conjungat

383 2492 476 2542 Ipsa
495 2493 702 2543 multiplex
724 2493 1012 2543 bonitas‚—pe1·
1030 2506 1068 2530 se
1087 2497 1226 2530 cuneta
1241 2506 1327 2542 quae
1346 2492 1481 2531 salvat.
1539 2493 1601 2532 Sit
1620 2493 1683 2532 cui
1701 2493 1811 2533 doxa.

1029 2614 1142 2652 LXI.

464 2670 589 2707 Prosa
609 2670 754 2707 Omnes
773 2669 909 2707 sancti.

465 2732 663 2781 Alleluya.

385 2793 526 2831 Omnes
545 2805 684 2831 SANCTI
714 2794 938 2841 SERAPH1M‚
962 2791 1161 2830 Cherubin
1181 2805 1345 2843 quoque,
1368 2792 1516 2831 Throm'

385 2847 762 2896 Dominationesque

386 2901 647 2952 Principatus,
670 2901 901 2950 Potestates,
922 2900 1116 2947 Virtutes,

939 2978 957 2995 *⁶
977 2975 1201 3008 Ms.--Fhoeb.
