1979 3348
756 205 882 249 Festa
910 206 1121 262 Auyusti.
1677 212 1733 258 77

227 315 411 364 Epistola.
470 315 752 365 Spectaculum.

229 368 405 407 Gradale.
463 369 615 406 Timete
636 369 862 407 Dominum.

224 422 421 472 Alleluya.
487 422 523 460 V.
555 423 780 473 Fulgebunt
793 424 905 473 justi.

226 476 489 525 Evanyelium.
547 476 646 513 Cum
665 477 879 515 audieritis.

227 528 478 577 Offertorium.
538 529 759 567 Laetamini.

222 583 384 620 Secreta.

222 636 397 686 Accepta
415 636 467 673 sit
490 636 533 673 in
561 640 770 687 conspectu
796 640 877 682 tuo,
900 636 1080 683 Domine,
1102 642 1244 674 nostrae
1265 638 1485 675 devotionis
1514 640 1669 686 oblatio,
1695 646 1735 678 et

142 702 276 727 eorum
294 690 406 727 nobis
424 691 494 727 fiat
512 691 794 741 supplicatione
813 690 994 728 salutaris
1008 704 1078 740 pro
1093 704 1259 740 quorum
1273 692 1532 742 sollemnitate
1547 694 1728 732 defertur.

143 743 220 781 Per
238 744 464 781 Dominum.

223 797 462 836 Commune».
522 798 642 848 Signa
660 811 733 835 eos.

221 851 566 889 Posccommunio.÷÷

219 905 373 942 Refecti
418 905 717 955 participatione
763 905 935 941 muneris
981 905 1090 951 sacri,
1131 918 1363 954 quaesumus,
1404 906 1574 944 Domine
1622 908 1730 945 Deus

140 962 281 1005 noster,
312 963 359 995 ut
391 972 556 1007 quorum
590 959 840 1009 exsequimur
872 958 1023 996 cultum
1054 960 1267 996 sentiamus
1303 960 1493 997 effectum.
1552 961 1629 999 Per
1655 962 1731 1000 Do-

140 1012 290 1049 minum
310 1016 500 1049 nostrum.

310 1118 362 1155 IN
391 1118 563 1156 VIGILIA
591 1129 730 1156 SANCTI
760 1119 1005 1165 LAURENTII,
1036 1130 1248 1158 MARTYRIS.
1310 1121 1360 1173 (v.
1385 1123 1445 1160 Id.
1468 1123 1593 1174 Aug.)

221 1187 406 1236 Officium.

217 1242 421 1291 Dispersit,
444 1243 551 1280 dedit
573 1243 808 1292 pauperibus
826 1257 833 1280 :
859 1243 1019 1292 justitia
1039 1245 1122 1293 ejus
1140 1249 1274 1282 manet
1301 1246 1343 1282 in
1371 1247 1555 1285 saeculum
1574 1250 1727 1287 saeculi:

137 1307 256 1332 cornu
276 1297 359 1345 ejus
378 1297 619 1342 exaltabitur
637 1296 680 1332 in
698 1297 830 1347 gloria.

218 1349 410 1387 Psalmus.

216 1403 363 1440 Beatus
382 1404 444 1440 vir
463 1404 531 1453 qui
549 1404 664 1441 timet
686 1404 902 1440 Dominum
919 1418 926 1441 ε
955 1404 997 1440 in
1016 1405 1213 1443 mandatis
1233 1406 1316 1455 ejus
1336 1407 1442 1445 volet
1461 1408 1588 1447 nimis.

220 1456 364 1495 Oratio.

214 1511 374 1557 Adesto,
415 1511 595 1558 Domine,
636 1511 983 1560 supplicationibus
1011 1512 1165 1558 nostris,
1205 1517 1244 1549 et
1281 1513 1557 1553 intercessione
1602 1519 1726 1554 sancti

135 1563 340 1601 Laurentii
372 1565 555 1614 martyris
586 1564 647 1601 tui
680 1568 909 1614 perpetuam
946 1565 1057 1602 nobis
1088 1566 1391 1605 misericordiam
1429 1569 1619 1620 benignus
1656 1572 1724 1608 im-

134 1617 268 1667 pende.
328 1618 414 1656 Per.

215 1671 407 1709 stlemoria
425 1671 469 1709 de
488 1677 616 1709 saucio
634 1672 820 1709 Romano.

214 1725 401 1774 Epistola.

213 1779 437 1816 Confitebor
455 1779 529 1816 tibi
548 1780 716 1817 Domine
736 1793 818 1825 rex,
838 1780 883 1816 iu
904 1778 1113 1817 Communi
1131 1781 1253 1818 uuius
1272 1781 1444 1831 viminis.

217 1832 394 1870 GradaZe.

213 1886 420 1936 Dispersit,
442 1887 549 1924 dedit
562 1887 795 1937 pauperibus
812 1901 819 1924 :
842 1887 1001 1936 justitia
1020 1888 1102 1936 ejus
1121 1893 1253 1925 manet
1272 1889 1314 1926 in
1333 1890 1520 1928 saeculum
1539 1894 1678 1931 saeouli.

141 1939 177 1991 V.
210 1940 355 1977 Potens
375 1941 414 1977 in
435 1945 540 1978 terra
559 1941 634 1978 erit
653 1954 783 1978 semen
803 1941 885 1990 ejus
901 1955 909 1978 ε
936 1942 1135 1990 generatio
1155 1946 1349 1980 rectorum
1370 1945 1631 1984 benedicetur.

213 1994 259 2031 Si
277 1994 485 2032 Dominicct
504 1995 564 2040 sit,
595 1995 791 2044 Alleluya.
858 1994 896 2032 V.
929 1994 1075 2031 Beatus
1094 1996 1165 2033 vir.

213 2048 478 2096 Evauyelium.
537 2048 757 2086 Secundum
776 2049 827 2084 M
824 2047 1018 2086 cotthoeum.
1078 2049 1120 2086 Si
1139 2050 1226 2098 quis
1244 2051 1341 2087 vult.

215 2100 471 2150 Offirtorium.

213 2155 350 2192 Oratio
369 2169 454 2192 mea
472 2156 619 2193 munda
638 2160 696 2193 est
712 2169 719 2192 :
748 2159 787 2192 et
806 2155 892 2192 ideo
910 2159 1001 2204 peto
1020 2159 1066 2192 ut
1086 2156 1201 2193 detur
1219 2157 1324 2194 locus
1338 2159 1425 2195 voci
1444 2172 1539 2196 meae
1559 2161 1600 2196 in
1616 2162 1718 2207 caelo,

132 2209 224 2259 quia
250 2210 306 2245 ibi
334 2213 392 2246 est
414 2210 539 2258 judex
566 2223 674 2246 meus
707 2213 746 2246 et
779 2209 952 2246 conscius
985 2222 1094 2246 meus
1125 2210 1167 2246 in
1201 2216 1390 2248 aeternum
1407 2226 1415 2249 :
1457 2215 1639 2251 ascendat
1671 2217 1721 2253 ad

132 2263 349 2300 Dominum
368 2263 586 2313 deprecatio
605 2276 700 2301 mea.

211 2316 371 2354 Secreta.

212 2371 384 2417 Hostias,
418 2371 598 2417 Domine,
633 2383 728 2420 quas
764 2370 838 2407 tibi
875 2370 1072 2407 offerimus
1108 2371 1299 2420 propitius
1331 2372 1491 2422 suscipe,
1527 2378 1566 2411 et
1603 2375 1720 2412 inter*

130 2425 289 2461 cedente
325 2425 440 2461 beato
471 2425 685 2462 Laurentio
713 2428 885 2473 martyre
921 2428 1002 2470 tuo,
1033 2424 1189 2461 vincula
1222 2430 1465 2474 peccatorum
1494 2433 1716 2466 nostrorum

130 2478 295 2515 absolve.
355 2478 440 2515 Per.

211 2531 450 2569 Oommuuio.
510 2532 589 2577 Qui
610 2531 695 2569 vult
714 2532 857 2569 venire.

209 2585 529 2623 Postcommuuio.

210 2639 284 2685 Da,
325 2652 556 2688 quaesumuS,
594 2639 763 2676 Domine
799 2638 909 2676 Deus
946 2642 1090 2685 noster,
1131 2642 1177 2675 ut
1222 2640 1323 2677 sicut
1365 2641 1470 2677 beati
1511 2642 1717 2680 Laurentii

130 2693 314 2742 martyris
332 2693 394 2730 tui
412 2693 777 2731 commemoratione
804 2692 1011 2741 temporali
1037 2693 1280 2741 gratulamur
1298 2695 1432 2740 officio,
1453 2695 1510 2731 ita
1529 2701 1716 2745 perpetuo

129 2747 305 2783 laetemur
341 2751 509 2796 aspectu.
586 2747 663 2783 Per
700 2746 917 2784 Dominum
954 2750 1132 2783 nostrum
1167 2747 1196 2784 J
1199 2760 1306 2784 esum
1340 2748 1542 2786 Christum
1570 2750 1715 2787 Filium

129 2803 252 2838 tuum.
312 2801 389 2846 Qui
408 2805 537 2838 tecum
555 2800 666 2838 vivit.

207 2875 223 2891 ³⁶
245 2875 314 2904 Ms.
336 2876 609 2905 D.—Sanctorum
631 2877 808 2914 martyrum
832 2877 959 2904 tuorum
984 2875 1109 2913 Cyriaci
1133 2876 1352 2914 sociorumque
1377 2877 1446 2914 ejus
1468 2878 1614 2915 precibus
1640 2889 1714 2908 con-

128 2913 271 2982 {densseffi
286 2924 478 2952 quaesumus,
493 2915 638 2953 Domine,
654 2918 690 2946 ut
702 2925 760 2955 per
781 2924 816 2945 ea
837 2924 906 2954 quae
928 2915 1119 2953 sumpsimus
1143 2918 1259 2946 aetcrna
1282 2917 1419 2946 remedia
1443 2918 1610 2956 capiamus.
1653 2919 1714 2948 Ρω-

161 2962 306 2983 ominum.
