1979 3348
290 300 372 341 198
810 293 1054 350 Sequentioe
1088 293 1361 336 (soommmes.

449 407 510 445 Hi
528 410 621 445 sunt
633 405 863 443 candelabra
882 408 974 442 ante
994 405 1123 441 Deum
1142 405 1328 452 lucentia,

448 462 508 499 Hi
527 461 691 511 praelati,
712 460 812 496 celsa
831 459 976 495 summi
995 459 1116 508 Regis
1135 458 1178 495 in
1197 459 1317 504 curia,

447 516 507 552 Hi
527 515 582 551 sal
603 518 729 560 terrae,
750 513 792 549 hi
812 513 882 549 lux
902 513 1053 558 mundi,
1073 513 1116 548 hi
1135 513 1237 549 clara
1257 512 1341 549 caeli
1359 511 1510 549 lumina
1528 526 1536 550 :

447 570 481 607 O
502 572 661 619 quanta,
682 580 801 616 quam
830 566 1027 616 praeclara,
1049 579 1167 616 quam
1189 566 1361 616 jocunda
1381 566 1627 604 celebrantur
1650 567 1721 604 hac
1746 581 1878 604 mensa

555 634 744 659 convivia.

444 677 474 715 J
475 689 538 714 am
574 676 716 725 palma,
742 676 829 724 jam
867 687 1019 721 corona,
1053 674 1137 722 jam
1176 673 1365 724 promissa
1403 674 1497 711 olim
1535 687 1668 712 mensa
1704 675 1781 712 illis
1819 680 1878 712 est

553 729 740 779 apposita.

445 784 526 821 Hic
545 788 679 820 nostra
697 784 777 819 sint
796 781 1011 829 sollemnia,

446 838 536 875 Sint
555 841 659 882 vota,
680 837 762 873 sint
780 837 984 885 praeconia,

445 892 535 929 Sint
553 895 664 941 grata
683 890 845 927 laudum
863 889 1046 927 carmina.

362 987 462 1026 Item
481 989 527 1025 de
546 987 736 1037 apostolis.
803 984 1021 1035 Sequentia.

549 1053 602 1090 In
620 1052 799 1090 sollemni
816 1051 1003 1088 memoria
1021 1051 1285 1101 apostolorum
1303 1051 1501 1101 principis,

549 1107 632 1144 Piae
651 1106 779 1143 laudis
797 1105 1000 1142 harmonia
1015 1105 1115 1142 laetis
1129 1110 1283 1143 resonet
1301 1106 1473 1153 canticis,

545 1160 793 1198 Veneremur
811 1159 928 1196 simul
948 1159 1034 1208 pari

547 1214 725 1264 Dignum
748 1213 863 1250 laude
882 1212 1073 1258 venerari,

601 1267 840 1317 Apostolum
860 1267 1048 1317 gentium.

547 1322 609 1359 Ut
629 1334 726 1372 quos
744 1334 854 1358 amor
872 1321 956 1357 vita
977 1319 1130 1370 junxit,

547 1376 588 1413 N
592 1389 633 1413 ec
652 1388 757 1412 mors
776 1375 861 1425 ipsa
878 1379 965 1424 post
986 1374 1192 1423 disjunxit,

598 1430 626 1467 J
628 1433 751 1479 ungat
770 1433 810 1465 et
829 1428 1077 1479 praeconium.

547 1484 704 1520 Horum
724 1483 808 1520 laus
827 1487 896 1529 est,
919 1483 1023 1533 quod
1046 1483 1244 1520 destructa
1262 1481 1451 1520 Romanae
1476 1483 1662 1533 potentiae
1680 1483 1873 1530 idolatria,

544 1538 572 1575 J
574 1551 638 1575 am
656 1538 822 1574 fundata
840 1542 880 1574 et
900 1537 1055 1574 firmata
1073 1536 1218 1574 ibidem
1239 1537 1370 1574 orbem
1389 1538 1582 1588 gubernat
1603 1537 1783 1575 Ecclesia.

711 1591 809 1628 Fide
825 1591 935 1628 Petri
953 1591 1267 1638 fundamentum,

709 1644 825 1682 Pauli
845 1649 953 1682 tenet
972 1646 1262 1682 firmamentum

764 1699 960 1749 Dogmate
980 1699 1148 1736 ecclesia.

710 1753 842 1790 Clavis
862 1753 953 1790 huie
972 1753 1162 1803 potentia,

708 1807 777 1844 Illi
797 1807 910 1844 cessit
929 1807 1104 1853 scientia,

761 1861 789 1898 J
793 1865 909 1898 uncta
930 1861 976 1898 ad
999 1861 1133 1897 officia.

709 1915 828 1952 Petro
847 1928 1018 1964 namque
1037 1915 1110 1952 sub
1129 1918 1284 1964 pastore

709 1968 944 2005 Gratulatur
965 1973 1005 2005 et
1024 1972 1175 2005 rectore

761 2023 874 2059 Inter
892 2023 1034 2059 fluctus
1062 2022 1203 2059 saeculi.

708 2076 822 2113 Pauli
842 2076 948 2126 viget
968 2090 1018 2113 ex
1037 2076 1226 2121 doctrina,

706 2130 814 2166 Vitae
834 2136 991 2180 sumpta
1010 2130 1213 2177 medicina,

761 2184 869 2221 Grex
889 2184 1012 2221 fidelis
1031 2184 1177 2234 populi.

706 2238 789 2275 Iste
804 2239 923 2275 verbo
943 2238 1148 2285 instruxit,

706 2292 782 2328 Ille
803 2292 940 2328 caelum
960 2292 1116 2341 aperuit

759 2346 894 2382 Verbo
913 2346 1007 2383 vitae
1027 2345 1204 2385 credulis.

705 2400 759 2436 Et
783 2400 887 2450 quod
906 2413 1009 2437 unus
1029 2400 1226 2449 praedicat,

704 2453 820 2490 Alter
839 2467 975 2491 verum
995 2455 1222 2503 comprobat

759 2507 915 2544 Crebris
933 2508 1005 2545 hoo
1023 2507 1230 2545 miraculis.

705 2562 786 2598 Hic
805 2561 978 2608 Judaeos,
999 2561 1066 2598 ille
1084 2566 1220 2612 gentes

703 2615 823 2652 Viam
843 2616 935 2652 vitae
955 2616 1182 2662 nescientes,

757 2670 824 2706 Ad
845 2670 1010 2706 salutem
1037 2673 1235 2706 convocat.

702 2723 836 2760 Ambo
854 2727 1030 2773 praesunt
1049 2722 1283 2769 convocatis,

703 2777 835 2814 Ambo
855 2781 1008 2814 certant
1027 2777 1210 2814 desolatis

759 2830 898 2867 Hostis
917 2844 966 2867 ne
985 2831 1205 2880 praevaleat.

704 2885 850 2921 Contra
870 2898 1028 2921 summae
1049 2884 1234 2935 potentiae

704 2938 957 2987 Consurgunt
976 2938 1186 2988 imperium
1200 2952 1211 2985 ς

704 2991 821 3028 Unus
840 2993 976 3038 crucis,
997 2992 1097 3029 alter
1116 2992 1229 3036 ensis,

756 3045 965 3094 Perpessus
983 3045 1227 3095 supplicium.
