1979 3348
762 203 887 244 Festa
906 202 1039 244 Maii.
1649 207 1703 246 33

193 314 336 351 Oratio.

188 369 306 414 Deus,
327 368 396 417 qui
414 380 484 404 nos
503 380 633 404 annua
662 367 926 416 apostolorum
956 371 1116 403 tuorum
1142 365 1318 415 Philippi
1337 370 1376 402 et
1395 366 1423 403 J
1425 366 1536 403 acobi
1555 366 1704 404 sollem-

106 422 231 458 nitate
251 422 422 458 laetificas
436 435 445 468 3
473 426 626 470 praesta,
642 433 874 470 quaesumus,
893 425 939 457 ut
958 433 1125 469 quorum
1143 420 1356 470 gaudemus
1375 420 1537 465 meritis,
1558 421 1703 457 instru-

107 488 220 512 amur
238 475 439 524 exemplis.
499 475 585 511 Per.

189 537 315 573 Lectio
336 537 426 573 libri
444 535 646 585 Sapientia
666 540 720 585 (υ.
748 537 843 585 1-5).

188 589 361 627 Stabunt
392 590 494 639 justi
528 591 570 626 in
610 603 750 639 magna
787 590 1008 626 constantia
1046 601 1164 637 usqae
1201 590 1255 626 ad
1287 589 1392 625 inter
1430 593 1583 625 sanctos
1620 602 1701 626 sors

106 643 262 681 illorum
282 648 349 680 est.

185 697 381 746 Alleluya.
450 698 486 735 V.
518 697 691 734 Stabunt
704 696 815 745 justi,
837 697 882 733 in
902 696 1112 734 Communi
1124 696 1392 744 plurimorum
1412 702 1643 744 mem-tyrum.

185 751 382 800 Alleluya.
449 752 485 788 V.
518 751 581 787 Ite
600 751 794 795 nuntiate,
814 764 940 798 quccre
958 751 1002 786 in
1022 750 1130 787 Festo
1148 750 1275 787 sancti
1294 750 1424 787 Marci
1442 750 1702 798 evanyelistae;

106 805 162 841 vel
178 806 223 841 de
243 804 275 840 A
283 805 483 850 scensione,
505 805 539 841 si
559 811 707 853 tempus
725 804 893 852 masseria.

185 857 402 906 Sequentia.
460 858 647 906 Alleluya
666 871 771 894 nunc
791 857 1031 902 decantetur,
1053 864 1096 893 ut
1118 858 1160 894 in
1182 857 1389 896 Communi
1402 857 1673 907 apostolorum.

185 919 405 957 Seczmdmn
423 919 644 957 «Iohannem
663 919 759 969 (miv.
787 919 917 968 1-13).

186 974 238 1010 In
274 974 342 1010 illo
375 979 562 1023 tempore,
597 974 715 1010 Dixit
752 973 780 1010 J
782 986 869 1010 esus
901 973 1101 1022 discipulis
1139 974 1218 1010 suis
1237 989 1243 1010 :
1284 974 1377 1010 Non
1415 974 1599 1010 turbetur
1636 986 1701 1010 001·

104 1031 279 1064 vestrum
300 1041 419 1076 usque
439 1029 491 1064 acl
510 1028 582 1064 hoc
601 1028 750 1065 faciam.

186 1082 321 1119 Credo.

186 1134 438 1182 Qffhrtorimn.
499 1135 811 1180 Confitebuntur,
833 1148 957 1183 qacere
976 1135 1020 1171 in
1039 1135 1078 1171 F
1076 1141 1149 1172 osto
1168 1135 1294 1173 sancta·
1315 1134 1478 1183 Georyii.

184 1189 343 1226 Secreta.

185 1243 364 1288 Munera,
386 1243 567 1288 Domine,
590 1256 675 1292 quae
705 1256 775 1292 pro
805 1242 1070 1291 apostolorum
1102 1249 1262 1279 tuorum
1291 1242 1469 1292 Philippi
1488 1246 1529 1279 et
1556 1242 1584 1279 J
1587 1242 1698 1279 acobi

102 1296 365 1334 sollemnitate
385 1297 608 1343 deferimus,
630 1296 825 1346 propitius
845 1296 1019 1346 suscipe;
1048 1302 1087 1333 et
1118 1297 1221 1333 mala
1246 1297 1379 1334 omnia
1398 1310 1485 1345 quae
1504 1309 1701 1334 meremur

103 1355 246 1387 averte.
306 1351 391 1388 Per.

183 1404 383 1453 I'rafatio.
442 1405 496 1441 Et
521 1409 571 1450 te,
594 1404 776 1449 Domine,
797 1403 1035 1453 suppliciter.

185 1458 424 1496 C'ommzmio.

182 1512 309 1550 Tanto
328 1517 502 1561 tempore
521 1512 721 1549 vobiscum
750 1524 848 1557 sum,
870 1515 910 1547 et
928 1524 1007 1547 non
1037 1511 1273 1560 cognovistis
1301 1524 1374 1556 me,
1396 1511 1602 1561 Philippe:
1631 1512 1700 1560 qui

102 1566 209 1602 videt
229 1580 301 1612 me,
317 1567 427 1603 videt
447 1570 486 1603 et
506 1566 677 1611 Patrem,
694 1565 864 1614 alleluya
880 1579 887 1601 :
916 1578 995 1602 non
1015 1566 1139 1601 credis
1159 1566 1251 1614 quia
1270 1565 1312 1601 in
1333 1565 1452 1602 Patre
1467 1569 1507 1602 et
1526 1565 1645 1602 Pater
1659 1565 1701 1601 in

100 1633 163 1656 mc
183 1624 252 1666 est,
275 1620 454 1669 alleluya,
475 1620 653 1669 alleluya.

180 1680 530 1719 P035607mmc7m‘0.³“²

182 1736 425 1782 Quaesumus,
464 1735 646 1781 Domine,
676 1735 915 1772 salutaribus
945 1735 1084 1784 repleti
1114 1734 1321 1783 mysteriis,
1350 1738 1396 1771 ut
1432 1747 1599 1784 quorum
1628 1734 1701 1771 sol-

99 1789 243 1827 lemnia
262 1790 514 1835 celebramus,
536 1803 670 1826 eorum
690 1788 1060 1827 inte1·cessionibus†
1080 1789 1322 1838 adjuvemur.
1382 1788 1459 1826 Per
1483 1789 1700 1826 Dominum

100 1848 236 1880 nostru
242 1857 288 1880 m.

354 1950 405 1987 IN
434 1950 688 1987 INVENTIONE
718 1960 878 1987 SANCTAE
907 1950 1070 1987 CRUCIS.
1130 1950 1182 1999 (v.
1207 1949 1311 1986 Non.
1333 1949 1448 1999 Mai.)

180 2036 367 2084 Officium.

177 2091 261 2126 Nos
289 2094 422 2127 autem
450 2090 608 2139 gloriari
637 2093 793 2139 oportet
819 2090 862 2127 in
891 2103 1002 2127 eruce
1031 2090 1195 2126 Domini
1213 2089 1339 2126 nostri
1352 2090 1381 2127 J
1384 2103 1451 2127 esu
1472 2089 1632 2136 Christi,
1654 2091 1696 2126 in

96 2157 172 2194 quo
204 2148 263 2181 est
288 2144 401 2191 salus,
430 2145 525 2190 vita,
555 2148 595 2180 et
618 2144 850 2181 resurrectio
881 2148 1024 2191 nostra,
1046 2157 1117 2193 per
1145 2157 1262 2193 quem
1292 2144 1434 2180 salvati
1467 2148 1506 2180 et
1539 2143 1698 2181 liberati

96 2211 241 2244 sumus,
262 2198 443 2247 alleluya,
464 2198 644 2246 alleluya.

177 2252 367 2289 Psalmus.

176 2306 284 2343 Deus
311 2306 542 2342 misereatur
560 2306 694 2351 nostri,
717 2310 757 2342 et
775 2305 980 2342 benedicat
1003 2305 1138 2343 nobis:
1168 2305 1367 2342 illuminet
1394 2305 1551 2342 vultum
1579 2318 1694 2342 suum

94 2373 210 2409 super
227 2373 308 2405 nos,
331 2364 370 2397 et
389 2361 620 2396 misereatur
638 2360 773 2396 nostri.

179 2414 323 2451 Oratio.

175 2467 293 2513 Deus,
329 2468 399 2517 qui
427 2468 469 2504 in
506 2468 692 2517 praeclara
727 2467 938 2504 salutiferae
970 2467 1094 2504 crucis
1129 2467 1359 2503 inventione
1391 2467 1580 2516 passionis
1614 2471 1692 2504 tuae

94 2522 280 2558 miracula
299 2522 519 2558 suscita-sti:
549 2522 713 2559 concede
732 2525 779 2558 ut
798 2521 931 2557 vitalis
949 2520 1048 2570 ligni
1075 2521 1202 2570 pretio
1222 2525 1377 2558 aeternae
1396 2521 1489 2558 vitae
1509 2521 1694 2571 suffragia

94 2588 384 2624 consequamur.
446 2576 524 2620 Qui
542 2575 654 2612 vivis.

175 2638 240 2675 Ad
262 2638 423 2675 Galatas
441 2638 496 2687 (v.
523 2638 662 2685 10-123
691 2638 740 2676 vi.
765 2637 916 2687 12-14).

175 2693 331 2729 Fratres
350 2707 356 2729 :
388 2692 550 2729 Confido
570 2693 617 2729 de
638 2692 747 2729 vobis
765 2692 809 2728 in
828 2691 1000 2728 Domino
1019 2704 1138 2739 usque
1157 2692 1211 2728 ad
1229 2696 1270 2728 et
1288 2704 1358 2741 ego
1377 2691 1534 2729 mundo.

175 2779 191 2793 '³
214 2778 282 2806 Ms.
295 2778 530 2807 D.—Paschale
545 2777 734 2816 mysterium
747 2779 950 2805 recensentes
967 2776 1129 2806 beatorum
1141 2777 1359 2814 apostolorum
1367 2779 1496 2806 tuorum
1510 2777 1650 2816 Philippi
1660 2780 1692 2806 ct

95 2817 215 2855 danobi,
231 2818 378 2855 Domine,
393 2827 585 2855 quaesumus,
598 2817 747 2856 precibus
771 2816 944 2852 foveamur,
960 2825 1093 2854 quorum
1106 2817 1325 2854 magisterium
1339 2826 1494 2847 novemus
1515 2826 1692 2854 exsequen-

96 2857 178 2886 dum.
222 2858 294 2888 Por.

174 2898 221 2924 As
238 2897 363 2925 Sarum.

174 2947 190 2983 †
211 2945 555 2975 MSS—orationibus.

148 3007 236 3032 VOL.
259 3006 304 3031 Π.
881 3005 909 3031 D
