1979 3348
263 213 316 253 86
871 211 999 254 Festa
1028 211 1241 266 Aufflcsti.

259 321 621 372 Domino‚p1·aestet
648 321 842 358 auxilium
869 325 915 358 ut
944 321 1106 358 caelestis
1134 334 1276 358 mensae
1303 322 1552 373 participatio
1580 337 1696 374 quam
1722 336 1850 374 sump-

258 376 378 413 simus
397 377 548 413 tribuat
568 376 736 413 ecclesiae.
756 380 834 412 tuae
854 375 1087 412 recensitam
1107 375 1298 412 laetitiam.
1358 376 1444 414 Per.

341 446 468 484 Tertio
487 446 548 483 die
568 445 678 494 infra
705 445 865 482 Octavus
883 444 997 481 beatae
1016 444 1168 481 Illam-icc.
1226 443 1443 493 Sequentia.

476 516 566 552 Hac
585 515 689 552 clara
709 514 772 551 die
791 518 924 550 turma
942 513 1084 551 festiva
1104 514 1172 551 dat
1191 515 1395 564 praeconia,

476 569 648 606 Mariam
668 568 932 618 concrepando
953 567 1186 617 symphonia
1205 573 1410 616 nectarea3

476 623 621 659 Mundi
642 622 811 658 Domina
830 635 916 671 quae
936 634 976 658 es
995 622 1088 668 sola,
1109 622 1325 658 castissima
1343 622 1541 673 virginum
1560 623 1706 674 regina,

476 677 622 713 Salutis
642 689 768 723 causa,
788 676 880 712 vitae
900 679 1023 725 porta,
1044 680 1161 724 atque
1181 676 1265 712 caeli
1284 676 1427 713 referta
1445 677 1583 727 gratia.

476 730 582 766 Nam
601 730 651 766 ad
669 730 778 766 illam
797 733 891 766 sunt
909 730 1051 767 nuntia
1070 730 1163 766 olim
1182 729 1285 767 facta
1303 731 1487 780 angelica,

475 784 574 830 Ave,
598 783 738 830 Maria,
760 783 888 834 gratia
908 784 984 820 Dei
1002 783 1118 833 plena
1136 797 1206 833 per
1224 784 1376 832 saecula,

477 838 694 874 Mulierum
712 837 778 887 pia
796 838 951 886 agmina
969 837 1075 874 intra
1094 850 1244 887 semper
1261 838 1466 875 benedicta
1482 852 1492 885 3

475 891 614 941 Virgo,
636 895 676 928 et
694 892 866 941 gravida-7
887 896 1013 928 mater
1031 891 1182 928 intacta
1200 892 1308 941 prole
1326 892 1504 942 gloriosa.

476 945 551 982 Oui
570 950 706 982 contra
726 945 856 982 Maria
875 946 956 982 haec
976 945 1106 982 reddit
1124 945 1273 982 famina
1290 960 1297 982 :

474 999 526 1036 In
545 1012 607 1036 me
627 1000 821 1049 quomodo
840 1003 909 1036 tua
923 999 1007 1048 jam
1026 999 1123 1035 fient
1142 1000 1308 1036 nuntia?

474 1053 567 1089 Viri
585 1053 679 1090 novi
697 1053 848 1089 nullam
867 1057 969 1089 certe
989 1052 1167 1102 copulam
1181 1066 1192 1099 3

474 1107 539 1143 Ex
558 1120 635 1155 quo
654 1110 773 1156 atque
792 1110 887 1143 nata
906 1119 991 1142 sum
1010 1107 1247 1156 incorrupta.

475 1160 581 1196 Diva
601 1160 741 1197 missus
760 1161 818 1197 ita
837 1160 966 1196 reddit
985 1160 1103 1196 affata
1118 1174 1127 1206 3

474 1214 595 1251 Flatu
614 1227 722 1251 sacro
741 1214 858 1263 plena
876 1214 955 1259 fies,
978 1213 1120 1256 Maria,

473 1267 590 1304 Nova
609 1268 780 1304 referens
798 1267 941 1317 gaudia
960 1280 983 1303 a
1002 1267 1093 1304 caelo
1113 1271 1226 1304 terrae
1246 1267 1332 1304 nati
1350 1280 1420 1316 per
1439 1267 1599 1304 exordia
1616 1282 1623 1304 :

473 1322 589 1358 Intra
607 1322 668 1358 tui
686 1321 791 1358 uteri
810 1321 979 1357 claustra
998 1325 1131 1370 portas
1151 1322 1219 1370 qui
1238 1321 1432 1371 gubernat
1451 1322 1606 1367 aethera,

474 1375 618 1412 Omnia
638 1375 706 1425 qui
726 1375 794 1412 dat
813 1379 991 1424 tempora
1010 1375 1181 1425 pacifica.

552 1535 700 1573 SANCTI
730 1535 918 1581 AGAPITI,
949 1545 1164 1572 MARTYRIS.
1225 1533 1305 1585 (xv.
1329 1534 1420 1571 Kal.
1444 1532 1569 1584 Sept.)

349 1621 491 1660 Oratio.

336 1675 513 1713 Laetetur
549 1675 709 1713 ecclesia
745 1679 824 1721 tua,
865 1675 985 1722 Deus,
1025 1675 1130 1711 beati
1167 1674 1334 1724 Agapiti
1373 1674 1557 1723 martyris
1601 1674 1661 1710 tui
1710 1672 1852 1710 confisa

258 1729 464 1779 suffragiis,
486 1734 603 1778 atque
634 1730 717 1778 ejus
746 1729 925 1778 precibus
954 1729 1131 1779 gloriosis
1161 1733 1200 1765 et
1231 1729 1373 1765 devota
1400 1731 1627 1777 permaneat
1655 1730 1694 1763 et
1721 1740 1854 1764 secura

260 1784 458 1821 consistat.
516 1784 594 1820 Per
614 1783 841 1822 Dominum.

341 1844 529 1882 ›S'ecrem.*

340 1899 511 1948 Suscipe,
533 1899 714 1946 Domine,
743 1911 908 1935 munera
938 1911 1024 1947 quae
1057 1897 1099 1933 in
1132 1898 1215 1947 ejus
1245 1897 1319 1934 tibi
1345 1897 1605 1934 sollemnitate
1630 1896 1852 1944 deferimus,

261 1954 370 2002 cujus
389 1966 459 1990 nos
480 1953 710 1990 confidimus
729 1952 946 2002 patrocinio
965 1951 1132 1988 liberari.
1190 1951 1267 1988 Per
1286 1951 1512 1989 Dominum.

341 2015 692 2056 Postcom7mmz'0.†

342 2068 512 2116 satiasti,
535 2069 717 2115 Domine,
737 2068 928 2105 familiam
947 2071 1057 2104 tuam
1076 2067 1303 2103 muneribus
1316 2067 1433 2103 sacris
1442 2079 1452 2113 3
1471 2067 1555 2115 ejus
1567 2079 1717 2116 semper
1734 2066 1854 2103 inter-

261 2123 444 2160 ventione
462 2137 532 2160 nos
550 2123 692 2169 refove,
715 2123 826 2172 cujus
838 2121 1040 2159 sollemnia
1053 2121 1300 2158 celebramus.
1342 2120 1418 2157 Per
1434 2120 1648 2157 Dominum
1662 2123 1850 2157 nostrum.

344 2196 492 2242 Quarto
511 2196 573 2234 <lie
591 2196 706 2245 infra
728 2195 889 2232 octavas
907 2193 1201 2243 Assumptz‘onis.
1260 2192 1474 2242 Sequentia.

694 2260 908 2297 Hodiernae
929 2259 1000 2296 lux
1021 2258 1099 2295 diei

695 2314 868 2352 Celebris
886 2313 929 2349 in
948 2313 1085 2349 matris
1105 2312 1183 2348 Dei

747 2367 897 2417 Agitur
916 2366 1114 2403 memoria.

694 2421 958 2458 Decantemus
977 2420 1020 2456 in
1039 2420 1110 2456 hac
1130 2419 1192 2455 die

694 2474 855 2524 Semper
873 2474 1041 2523 virginis
1061 2473 1200 2509 Mariae

748 2528 903 2565 Laudes
922 2532 961 2564 et
979 2526 1183 2577 praeconia.

696 2581 835 2619 Omnis
854 2582 981 2627 homo,
1003 2581 1111 2617 omni
1129 2580 1236 2625 hora,

695 2635 831 2685 Ipsam
849 2648 926 2682 ora,
949 2639 989 2672 et
1006 2634 1172 2683 implora

749 2690 846 2739 Ejus
864 2689 1082 2739 patrocinia
1096 2701 1107 2734 3

342 2806 358 2821 *
380 2805 449 2834 MS.
466 2805 611 2834 D.—Pr0
624 2806 707 2835 beati
723 2807 854 2845 Agapiti
874 2806 1024 2844 martyris
1044 2805 1093 2835 tui
1113 2804 1262 2843 passione
1280 2802 1457 2832 veneranda
1477 2801 1596 2830 hostias
1617 2799 1685 2835 tibi,
1703 2799 1847 2834 Domine,

261 2845 471 2913 issnmolantes,
487 2854 678 2882 quaesumuS‚
692 2847 726 2874 ut
747 2847 816 2884 ejus
836 2846 1035 2875 orationibus
1055 2845 1199 2883 placeant
1221 2852 1279 2881 pro
1303 2842 1395 2880 cujus
1417 2840 1539 2870 meritis
1562 2839 1743 2869 offerantur.
1785 2838 1848 2867 Per

297 2894 446 2913 ominum.

341 2924 358 2963 †
378 2923 449 2952 MS.
464 2923 676 2960 D.-—Praesta‚
691 2933 882 2961 quaesumus,
898 2924 1032 2953 Domine
1057 2923 1144 2952 Deus
1168 2923 1285 2958 noster,
1301 2921 1338 2949 ut
1359 2918 1546 2949 sacramenti
1566 2918 1615 2948 tui
1638 2918 1756 2947 virtute
1778 2924 1849 2955 per-

261 2964 362 3001 cepta,
376 2963 603 2994 intercessione
617 2963 700 2993 beati
715 2964 846 3003 Agapiti
860 2964 1010 3002 martyris
1023 2963 1071 2993 tui
1085 2964 1173 2992 tanto
1186 2969 1316 2990 munere
1330 2959 1419 2997 digni
1432 2958 1608 2988 reddamur.
1651 2958 1721 2986 Per.
