1979 3348
250 252 331 291 192
684 249 800 292 Ordo
831 249 892 291 ad
913 248 1130 305 facienda
1160 250 1418 305 Sponsalia.

249 360 391 411 paliter
424 360 603 397 ordinata
633 373 679 397 ea
705 359 974 397 benedictione
1002 360 1196 407 donatur3
1223 374 1309 410 quae
1339 361 1421 398 sola
1450 374 1519 398 nec
1548 375 1617 411 per
1643 362 1844 412 originalis

250 415 399 466 pecca-ti
418 428 580 464 paenam,
601 427 671 451 nec
700 427 768 464 per
801 413 943 450 diluvii
976 417 1034 450 est
1068 415 1199 451 ablata
1228 415 1490 461 sententiam;
1520 416 1676 465 respice,
1697 429 1846 465 quaesu—

250 483 349 514 mus,
371 468 563 518 propitius
583 481 698 517 super
727 468 826 504 hanc
858 467 1045 504 famulam
1075 472 1195 514 tuam,
1218 481 1304 517 quae
1332 469 1505 506 maritali
1527 469 1729 518 jungenda
1757 482 1845 506 con-

251 524 381 569 sortio,
401 527 471 559 tua
490 536 529 559 se
548 521 700 570 expetit
720 522 961 570 protectione
981 522 1138 558 muniri.
1198 522 1259 558 Sit
1277 522 1320 558 in
1340 535 1384 560 ea
1405 523 1548 572 jugum
1568 523 1786 560 dilectionis
1805 528 1847 560 et

252 577 384 627 pacis3
412 576 535 612 fidelis
568 580 608 611 et
645 580 751 612 casta
780 575 904 611 nubat
937 575 979 611 in
1010 575 1180 622 Christo,
1209 575 1481 626 imitatrixque
1511 581 1733 614 sanctarum
1763 590 1847 626 per-

252 636 408 668 maneat
428 630 673 666 feminarum.
732 629 792 665 Sit
822 629 1000 665 amabilis
1028 633 1074 665 ut
1105 629 1253 666 Rachel
1285 630 1381 675 viro,
1403 630 1556 680 sapiens
1584 635 1629 667 ut
1660 631 1848 676 Rebecca,

252 686 429 733 longaeva
462 688 502 720 et
532 683 656 719 fidelis
693 686 738 718 ut
773 682 876 719 Sara.
936 683 1051 719 Nihil
1084 682 1127 719 111
1165 696 1210 720 03
1241 696 1292 720 ex
1322 684 1471 720 actibus
1502 684 1580 721 suis
1614 684 1680 721 ille
1713 690 1851 720 auctor

253 737 584 789 praevaricationis
609 740 798 785 usurpet3
832 749 934 773 nexa
957 736 1048 773 fidei
1077 737 1350 786 mandatisque
1376 741 1614 786 permaneat,
1639 738 1710 774 uni
1734 737 1850 774 thoro

250 794 390 843 juncta
409 805 419 837 Δ;
454 794 655 827 contactus
692 790 849 827 illicitos
888 791 1040 840 fugiat3
1070 791 1224 827 muniat
1261 791 1532 828 infirmitatem
1565 805 1675 827 suam
1714 792 1851 828 robore

255 845 479 894 disciplinae.
545 844 606 881 Sit
635 844 870 880 verecundia
901 845 1042 893 gravis,
1072 845 1219 894 pudore
1246 845 1491 892 venerabilis,
1521 845 1737 882 caelestibus
1766 845 1853 881 doc-

256 900 371 937 trinis
403 898 568 935 erudita.
628 898 688 934 Sit
716 898 882 934 fecunda
911 899 953 934 111
983 899 1122 945 sobole,
1150 899 1203 935 sit
1232 899 1395 948 probata
1424 903 1464 935 et
1492 899 1705 945 innocens;
1741 903 1780 935 et
1804 899 1854 935 ad

255 955 461 991 beatorum
495 952 670 1001 requiem
694 956 812 1001 atque
845 952 894 988 ad
921 951 1091 989 caelestia
1124 965 1245 1001 regna
1276 953 1490 1002 perveniat,
1522 957 1562 990 et
1591 953 1725 989 videat
1752 952 1854 988 filios

256 1008 426 1044 filiorum
447 1019 607 1042 suorum
626 1019 748 1054 usque
768 1006 810 1041 in
834 1006 995 1042 tertiam
1025 1009 1065 1043 et
1090 1010 1271 1055 quartam
1292 1007 1528 1056 progeniem,
1549 1010 1589 1043 et
1609 1007 1658 1043 ad
1678 1010 1855 1056 optatam

257 1061 461 1112 perveniat
482 1063 731 1097 senectutem.
790 1059 867 1096 Per
887 1059 1088 1096 Christum
1109 1060 1325 1097 Dominum
1344 1064 1532 1097 nostrum.
1591 1062 1734 1097 Amen.

342 1115 450 1151 Tunc
469 1114 653 1150 Sacerdos
673 1126 870 1150 conversus
893 1113 947 1150 ad
974 1114 1110 1150 Altare
1136 1120 1263 1150 sumat
1284 1114 1501 1162 fractiones
1525 1114 1784 1151 Eucharistiae
1811 1113 1857 1150 in

259 1169 449 1214 manibus,
473 1174 506 1204 et
534 1167 663 1205 dicat:
692 1167 778 1203 Pax
803 1166 965 1203 Domini
998 1167 1050 1204 sit
1078 1180 1228 1217 semper
1258 1169 1468 1215 vobiscum,
1491 1174 1525 1205 et
1544 1174 1685 1212 cetera;
1713 1168 1858 1219 Agnus

262 1223 349 1269 Dei,
373 1228 406 1259 et
426 1227 555 1258 cetera.
612 1262 614 1265 ¹

342 1276 564 1313 Secundum
601 1274 914 1311 consuetudinem
957 1273 1218 1312 Ecclesiarum
1255 1275 1556 1324 parochialium,
1602 1275 1734 1312 statim
1770 1280 1859 1324 post

261 1332 404 1381 Agnus
434 1329 511 1365 Dei
536 1333 699 1376 suryaut
727 1328 773 1365 ab
803 1328 973 1365 oratioue
1003 1342 1164 1377 sponsus
1196 1335 1230 1366 et
1255 1343 1405 1378 sponsa,
1439 1335 1472 1366 et
1502 1329 1667 1378 accipiat
1699 1342 1860 1378 sponsus

256 1398 391 1435 pacem
420 1397 445 1420 a
473 1382 685 1428 Sacerdote,
706 1388 740 1419 et
753 1381 865 1430 ferat
889 1395 1034 1431 sponsae
1062 1383 1238 1420 osculans
1257 1397 1341 1420 eam
1369 1389 1402 1419 et
1430 1383 1619 1420 neminem
1638 1383 1772 1430 alium,
1795 1396 1861 1419 uec

262 1440 340 1489 ipse
360 1452 426 1474 rzec
453 1437 540 1485 ipsa
556 1451 571 1482 ;
599 1437 664 1473 sed
697 1435 854 1473 clericus
885 1436 1018 1473 statim
1046 1451 1071 1473 a
1093 1437 1309 1486 presbytero
1332 1451 1467 1486 pacem
1495 1437 1671 1486 accipiat,
1701 1442 1734 1474 et
1750 1436 1862 1486 ferat

268 1492 372 1538 aliis,
394 1492 493 1528 sicut
512 1490 668 1528 solitum
687 1497 749 1526 est.

349 1545 592 1583 Communio.

347 1598 622 1636 Benedicimus
651 1598 782 1634 Deum
801 1598 884 1634 oaeli
898 1611 908 1645 ;
937 1602 976 1635 et
995 1611 1123 1635 coram
1144 1599 1325 1635 omnibus
1344 1599 1570 1636 viventibus
1589 1598 1865 1636 confitebimur

266 1656 302 1693 ei
320 1668 330 1702 3
361 1654 454 1703 quia
472 1653 564 1689 fecit
582 1652 784 1688 nobiscum
805 1652 1107 1689 misericordiam
1127 1666 1247 1689 suam.

347 1705 666 1745 Postcommuuio.

348 1761 534 1798 Proficiat
553 1760 664 1796 nobis
683 1760 732 1796 ad
761 1759 928 1796 salutem
956 1760 1095 1796 animae
1125 1764 1163 1797 ct
1192 1760 1373 1809 corporiS,
1405 1760 1575 1797 Domine
1605 1760 1723 1806 Deus,
1745 1760 1866 1809 hujus

268 1815 500 1853 sacramenti
546 1814 737 1862 susceptio
754 1827 764 1860 3
810 1818 850 1850 et
888 1815 1135 1864 sempiternae
1178 1819 1319 1851 sanctae
1366 1814 1575 1851 Trinitatis
1616 1814 1867 1863 ejusdemque

268 1869 481 1907 individuae
503 1868 683 1905 Unitatis
703 1867 900 1904 confessio.

350 1923 444 1960 Alia
462 1923 530 1959 sub
551 1922 679 1959 eadem
698 1921 944 1958 conclusione.

353 1977 595 2022 Quaesumus,
625 1975 870 2024 omnipotens
901 1976 1018 2022 Deus,
1041 1976 1225 2012 instituta
1254 1975 1510 2024 providentiae
1541 1979 1618 2011 tuae
1643 1975 1708 2025 pio
1737 1988 1867 2012 amore

272 2032 458 2069 comitare
476 2044 485 2077 3
514 2034 560 2066 ut
579 2042 676 2079 quos
695 2029 869 2077 legitima
888 2030 1071 2066 societate
1103 2030 1312 2076 connectis,
1333 2029 1509 2079 longzeva
1540 2041 1633 2079 pace
1661 2029 1865 2066 custodias.

272 2087 348 2123 Per
368 2085 584 2122 Dominum
604 2087 790 2120 nostrum.

354 2139 520 2187 Propter
549 2137 837 2174 sollemnitatem
865 2136 983 2186 hujus
1011 2137 1240 2173 sacramenti
1272 2137 1340 2173 <lat
1369 2137 1553 2174 Sacerdos
1580 2136 1869 2174 benedictionem

275 2208 361 2232 cum
388 2193 501 2230 calice
529 2192 563 2228 si
584 2191 721 2240 placet,
744 2197 777 2227 et
803 2191 975 2240 deposita
996 2191 1127 2228 casula
1157 2197 1361 2240 autequam
1392 2197 1534 2237 exeant,
1557 2191 1662 2228 dicat
1686 2190 1870 2228 Sacerdos

275 2261 388 2297 super
408 2260 466 2283 eos
484 2246 584 2282 hauc
603 2245 824 2282 orationem.

357 2301 553 2338 Dominus
572 2300 783 2336 vobiscum.
842 2298 1017 2336 Oremus.

358 2354 503 2393 Oratio.

358 2409 539 2454 Domine,
561 2411 692 2444 sancte
721 2406 851 2453 Pater,
872 2406 1119 2456 omnipotens
1149 2410 1292 2443 aeterne
1320 2401 1439 2451 Deus,
1459 2410 1500 2444 te
1519 2406 1709 2455 supplices
1738 2418 1872 2442 exora-

278 2477 375 2510 mus,
414 2468 460 2499 ut
497 2461 813 2509 conjunctionem
855 2460 1092 2497 famulorum
1129 2464 1287 2497 tuorum
1325 2466 1395 2497 tua
1433 2460 1701 2497 benedictione
1741 2459 1873 2496 fovere

279 2517 449 2567 digneris
464 2515 666 2565 propitius.
723 2515 791 2551 Ab
810 2514 876 2561 eis,
898 2528 1129 2564 quaesumus,
1152 2515 1395 2563 omnipotens
1416 2515 1534 2559 Deus,
1555 2513 1705 2550 inimici
1724 2513 1874 2549 insidiae

279 2575 520 2616 avertantur,
556 2573 596 2606 ct
628 2569 876 2605 sanctitatem
910 2568 1028 2604 etiam
1065 2569 1107 2604 in
1137 2568 1221 2617 ipso
1246 2568 1425 2618 conjugio
1455 2569 1673 2613 imitentur,
1709 2567 1778 2616 qui
1804 2570 1875 2603 tua

280 2624 527 2674 providentia
557 2623 742 2672 conjungi
786 2626 1024 2659 meruerunt.
1084 2622 1161 2658 Per
1192 2622 1392 2658 Christum
1430 2622 1646 2658 Dominum
1683 2625 1872 2658 nostrum.

281 2680 425 2717 Amen.

867 2757 1086 2795 Benedictio
1109 2757 1298 2794 Thalami.

366 2836 572 2887 Imprimis
590 2836 695 2873 dicat
713 2835 908 2882 Sacerdos,
931 2835 1127 2873 Dominus
1146 2836 1359 2873 vobiscum.
1418 2835 1592 2873 Oremus.

371 2891 515 2930 Oratio,

368 2945 550 2991 Benedic,
573 2943 753 2989 Domine,
775 2943 994 2980 thalamum
1023 2942 1127 2980 hunc
1156 2947 1196 2980 et
1215 2955 1348 2980 omnes
1367 2942 1591 2980 habitantes
1610 2943 1652 2980 in
1670 2955 1715 2980 eo
1734 2956 1744 2990 ;
1772 2946 1818 2979 ut
1836 2941 1880 2979 in

287 3008 357 3040 tua
375 3013 468 3051 pace
488 2997 713 3043 consistant,
734 3001 773 3035 et
806 2998 848 3034 111
880 3001 950 3034 tua
983 2997 1187 3034 voluntate
1218 3000 1483 3046 permaneant,
1504 3001 1545 3035 et
1577 2997 1619 3034 in
1652 3001 1721 3034 tuo
1751 3008 1882 3034 amore
