1979 3348
712 196 840 238 Festa
868 195 1080 251 Auqusti.
1631 199 1682 238 81

181 304 401 343 Secundum
427 306 577 343 Lucam
604 305 676 356 (aei.
710 305 862 355 27-28).

179 359 232 395 In
250 359 316 397 illo
343 364 528 410 tempore,
550 359 753 409 Loquente
783 359 811 396 J
814 373 881 396 esu
900 359 949 395 ad
968 358 1102 395 turbas
1121 371 1240 407 usque
1259 357 1314 396 ad
1330 359 1556 396 custodiunt
1574 360 1684 400 illud.

189 412 219 449 Ο
247 414 439 450 ertorium.

179 414 293 503 ngx
318 480 485 516 namque
504 480 543 503 es
562 479 668 503 sacra
692 466 801 516 virgo
827 466 966 512 Maria,
988 469 1027 502 et
1051 466 1158 502 omni
1186 465 1299 502 laude
1329 465 1566 517 dignissima,
1593 468 1685 517 quia

98 530 148 554 ex
165 522 205 555 te
224 524 332 557 ortus
350 524 409 557 est
427 521 484 557 sol
497 521 675 569 justitiae,
698 519 876 557 Christus
896 519 1003 557 Deus
1022 523 1165 566 noster,
1185 519 1362 569 alleluya.

179 572 337 612 Secreta.

178 626 346 663 Munera
362 631 505 673 nostra,
528 627 707 672 Domine,
727 626 830 675 apud
849 626 1093 663 clementiam
1116 630 1225 663 tuam
1250 626 1327 663 Dei
1353 627 1560 676 genetricis
1587 640 1685 665 com-

96 679 252 716 mendet
289 681 422 727 oratio,
462 694 579 729 quam
615 680 756 716 idcirco
793 680 840 716 de
877 680 1060 728 praesenti
1093 680 1232 716 saeculo
1263 680 1512 728 transtulisti,
1534 685 1580 719 ut
1613 695 1683 731 pro

96 733 261 780 peccatis
290 735 433 770 nostris
463 734 694 770 fiducialiter
723 733 826 784 apud
856 737 894 769 te
925 733 1149 770 intercedat.
1218 733 1296 771 Per
1322 734 1498 771 eundem.

177 786 270 822 Alia
288 787 446 824 Secreta.

175 839 320 877 Laudis
340 845 428 886 tuae,
451 840 630 886 Domine,
651 839 796 876 hostias
816 839 1060 876 immolamus
1079 840 1122 876 in
1140 844 1300 877 tuorum
1319 842 1683 880 commemora-tione

94 897 326 940 sanctorum,
347 894 487 944 quibus
513 907 581 930 nos
607 897 645 930 et
670 894 926 942 praesentibus
951 894 1043 930 exui
1069 893 1182 930 malis
1208 894 1436 931 confidimus
1461 900 1501 932 et
1525 895 1678 934 futuris.

96 945 173 982 Per
191 947 366 984 eundem.

175 999 410 1038 Communia

172 1053 295 1090 Beata
310 1055 456 1091 viscera
476 1054 613 1090 Mariae
642 1053 816 1103 virginis,
833 1067 917 1103 quae
937 1058 1194 1103 portaverunt
1214 1055 1350 1091 aeterni
1371 1055 1501 1093 Patris
1521 1057 1677 1096 Filium.

171 1107 490 1145 Postcommunio.

171 1160 357 1208 Concede,
378 1175 610 1210 quaesumus,
632 1161 847 1198 misericors
873 1161 991 1203 Deus,
1020 1161 1227 1210 fragilitati
1256 1167 1398 1199 nostrae
1428 1165 1678 1213 praesidium,

90 1217 135 1249 ut
165 1214 232 1262 qui
262 1219 402 1252 sanctae
433 1215 509 1252 Dei
545 1215 752 1264 genetricis
788 1215 962 1263 requiem
1000 1215 1246 1262 celebramus,
1279 1216 1566 1255 intercessionis
1596 1220 1679 1268 ejus

88 1267 237 1304 auxilio
256 1281 278 1304 a
297 1269 440 1305 nostris
458 1269 734 1317 iniquitatibus
753 1281 1007 1318 resurgamus.
1067 1268 1153 1305 Per.

167 1321 262 1358 Alia
280 1322 626 1359 Ροείσοῃνπηῑιηἱο.ιζ

170 1374 324 1411 Refecti
356 1376 440 1412 cibo
468 1381 642 1425 potuque
670 1375 823 1422 caelesti,
854 1376 962 1412 Deus
999 1378 1141 1422 noster,
1173 1380 1212 1413 te
1241 1377 1431 1426 supplices
1459 1392 1675 1427 exoramus,

86 1431 132 1463 ut
161 1428 204 1464 in
235 1429 345 1477 cujus
382 1429 462 1466 haec
490 1430 854 1466 commemoratione
886 1430 1140 1479 percepimus,
1161 1430 1243 1479 ejus
1271 1431 1496 1469 muniamur
1528 1437 1567 1470 et
1596 1447 1677 1483 pre-

87 1481 205 1518 cibus.
264 1482 342 1519 Per
361 1483 537 1519 eundem.

166 1535 398 1573 Notandum
422 1537 527 1585 quod
548 1550 627 1573 non
656 1537 801 1573 dicitur
828 1535 1016 1584 Praefatio
1044 1537 1219 1585 specialis
1247 1536 1306 1589 [inl
1332 1539 1473 1587 Viyilia
1491 1540 1676 1590 Assump-

87 1588 203 1625 tiom's
220 1603 286 1626 ‘nec
306 1589 437 1641 etiam]
460 1591 504 1626 in
523 1590 658 1638 aliqua
685 1590 836 1638 Viqilia,
857 1590 938 1626 nisi
956 1590 999 1626 in
1026 1589 1165 1638 Wyilico
1184 1591 1350 1629 Pasclioe.

167 1640 228 1693 [Si
245 1642 322 1680 liaec
334 1644 523 1692 praedicta
550 1644 690 1691 Vitqilia
709 1644 752 1680 in
772 1643 980 1680 Dominicco
999 1645 1170 1689 evenerit,
1191 1647 1269 1692 fiat
1289 1645 1415 1683 Missa
1434 1647 1477 1684 in
1498 1646 1675 1697 Capitulo

83 1695 181 1731 sicut
205 1697 442 1745 proedicicur,
465 1711 551 1734 cam
571 1697 707 1746 Kyrie,
731 1697 865 1733 Gloria
883 1697 926 1733 in
946 1697 1118 1744 excelsis,
1142 1698 1319 1746 Sanctus,
1341 1706 1374 1737 et
1393 1701 1545 1751 Agnus,
1568 1709 1612 1739 ut
1630 1703 1674 1739 in

86 1747 449 1788 Commemoratione
468 1751 724 1800 apostolorum
744 1751 852 1788 Petri·
872 1757 905 1788 ct
924 1751 1198 1789 Paula—MS.
1222 1751 1290 1804 D.]

350 1891 497 1929 EODEM
525 1902 595 1928 DIE
623 1902 763 1928 SANori
793 1890 972 1928 Eusssssu.
1033 1890 1130 1941 (xix.
1164 1891 1254 1929 Kal.
1288 1892 1411 1942 Sept.)

170 1979 349 2026 Officium.
409 1979 463 2016 Os
485 1979 595 2028 justi.

162 2032 346 2081 Epistola.
405 2032 583 2069 Dilectus
611 2046 634 2069 a
662 2033 756 2069 Deo.

163 2086 339 2123 Gradale.
398 2087 451 2123 Os
474 2086 574 2135 justi
601 2086 865 2122 meditabitur.

160 2140 354 2188 Alleluya.
420 2141 457 2177 V.
488 2141 515 2177 J
520 2144 629 2176 ustus
656 2153 735 2176 non
763 2138 1069 2176 conturbabitur.

160 2193 424 2241 Evanyelium.
483 2194 638 2239 Videte,
659 2194 829 2243 vigilate.

169 2248 419 2294 Offertorium.
478 2247 735 2284 Desiderium.

163 2299 402 2338 Communia
462 2301 607 2338 Beatus
635 2314 779 2338 servus

234 2442 284 2478 ΙΝ
312 2453 383 2478 DIE
410 2441 707 2478 Assnmpmoms
737 2450 874 2476 BEATAE
904 2438 1065 2475 MARIAE.
1126 2438 1250 2489 (xviii,
1275 2439 1364 2478 Kal.
1389 2440 1512 2492 Sept.)

167 2527 347 2575 Officium.

159 2580 403 2617 Gaudeamus
432 2592 564 2616 omnes
588 2579 631 2615 in
655 2577 838 2624 Domino,
858 2577 961 2613 diem
985 2576 1127 2613 festum
1155 2577 1401 2626 celebrantes,
1422 2580 1494 2617 sub
1518 2580 1662 2621 honore

80 2633 215 2670 Mariae
252 2634 423 2683 virginis,
463 2633 510 2669 de
547 2634 655 2682 cujus
691 2631 952 2681 assumptione
993 2631 1163 2680 gaudent
1199 2632 1327 2681 angeli
1363 2637 1402 2670 et
1440 2634 1661 2674 collaudant

80 2686 225 2723 Filium
253 2688 337 2724 Dei.

159 2741 350 2779 Psalmus.

156 2794 363 2831 Eructavit
382 2808 446 2831 cor
465 2807 595 2831 meum
616 2794 775 2830 verbum
794 2793 961 2829 bonum:
992 2791 1076 2828 dico
1096 2805 1164 2842 ego
1184 2805 1299 2842 opera
1318 2806 1403 2831 mea
1420 2796 1514 2845 regi.

154 2902 171 2918 '¹‘
191 2901 259 2930 Ms.
277 2902 448 2936 D.—Laeti,
465 2901 608 2937 Domine,
630 2900 821 2937 sumpsimus
847 2901 1040 2928 sacramenta
1063 2899 1207 2933 caelestia,
1229 2909 1299 2937 quae
1323 2901 1424 2937 nobis,
1446 2903 1657 2935 intercedente

80 2940 170 2969 beato
184 2940 320 2970 Eusebio
333 2941 511 2971 confessore
528 2943 591 2977 tuo,
607 2940 777 2969 sentiamus
792 2939 906 2976 ubique
921 2939 1094 2977 profutura.
1136 2939 1196 2968 Per
1211 2939 1390 2970 Dominum.

155 3000 244 3027 VOL.
266 3001 310 3027 11.
843 2998 868 3024 G
