1979 3348
391 248 538 290 Missoe
559 247 610 290 de
633 246 1051 290 Commemoratione
1071 245 1201 288 becotae
1221 245 1276 286 M
1273 244 1398 287 arlae.
1610 246 1691 287 163

183 358 380 408 Praefatio.
440 359 493 395 Et
511 362 550 395 te
569 358 612 395 in
630 357 892 396 veneratione.

186 413 425 451 Communia

184 467 293 504 Vera
312 467 405 503 fides
427 466 562 503 Geniti
580 465 764 515 purgavit
787 464 951 502 crimina
975 463 1137 501 mundi:
1166 467 1206 500 et
1234 462 1309 500 tibi
1338 462 1544 512 virginitas
1574 460 1697 498 invio-

104 521 185 559 lata
204 525 349 566 manet,
371 519 549 569 alleluya.

184 582 502 620 Postcommwzio.

187 636 264 673 Per
292 635 374 673 haeo
407 639 647 672 sacramenta
677 634 880 671 Paschalia
905 647 974 670 nos
1002 633 1089 680 tibi,
1110 631 1409 670 clementissime
1434 632 1553 677 Deus,
1574 631 1698 667 beatae

107 690 245 728 Mariae
266 703 416 739 semper
435 689 617 738 Virginis
636 688 762 724 oratio
781 688 973 733 conciliet,
995 701 1081 736 quae
1104 687 1218 723 nobis
1243 700 1383 735 panem
1409 685 1637 735 angelorum
1660 687 1700 721 et

106 744 300 781 caelestem
336 743 561 780 alimoniam
598 742 812 791 generavit,
851 741 1067 778 Dominum
1105 744 1284 777 nostrum
1320 740 1348 777 J
1352 752 1460 776 esum
1498 738 1701 775 Christum

108 798 255 835 Filium
284 802 409 834 tuum.
469 796 546 841 Qui
575 800 714 833 tecum.

440 952 505 989 DE
533 962 686 989 SANCTA
715 952 853 989 CRUCE
882 963 925 988 IN
952 963 1137 990 TEMPORE
1166 952 1382 991 PASCHALI.

194 1017 336 1054 Oratio.

192 1071 312 1117 Deus,
333 1070 402 1119 qui
420 1083 490 1119 pro
509 1070 622 1106 nobis
650 1070 800 1107 Filium
819 1074 933 1107 tuum
964 1071 1090 1107 crucis
1120 1071 1341 1120 patibulum
1373 1072 1503 1108 subire
1531 1071 1706 1119 voluisti,

113 1128 159 1161 ut
186 1124 336 1160 inimici
365 1137 387 1160 a
417 1124 530 1160 nobis
560 1125 772 1173 expelleres
804 1128 1061 1173 potestatem3
1104 1125 1268 1161 concede
1298 1126 1411 1162 nobis
1443 1126 1601 1163 famulis
1627 1126 1708 1163 tuis

111 1182 159 1215 ut
176 1177 470 1215 resurrectionis
489 1177 655 1227 gloriam
674 1191 967 1227 consequamur.
1027 1178 1104 1215 Per
1123 1179 1302 1216 eundem.

194 1239 353 1278 Secreta.

196 1293 366 1330 Purifica
384 1306 467 1340 nos,
489 1293 736 1343 omnipotens
756 1298 796 1330 et
814 1294 1033 1331 misericors
1053 1293 1173 1340 Deus,
1194 1299 1238 1331 ut
1263 1294 1446 1332 Ecclesiae
1467 1299 1545 1332 tuae
1565 1308 1709 1345 preces,

115 1360 201 1397 quae
234 1347 307 1383 tibi
341 1351 452 1397 grata
485 1351 577 1383 sunt
609 1348 674 1396 pia
710 1361 873 1384 munera
911 1348 1138 1395 deferentes,
1173 1348 1271 1385 fiant
1307 1349 1475 1398 expiatis
1512 1350 1713 1386 mentibus

116 1401 315 1451 gratiores.
374 1401 451 1437 Per
470 1401 696 1438 Dominum.

198 1463 518 1500 Postcommunio.

199 1517 359 1565 Largire
390 1517 565 1553 sensibus
594 1517 748 1563 nostris,
771 1517 1020 1566 omnipotens
1050 1517 1171 1564 Deus,
1192 1522 1238 1555 ut
1257 1531 1327 1567 per
1347 1520 1599 1568 temporalem
1622 1518 1716 1556 Filii

119 1570 182 1607 tui
211 1578 387 1614 mortem,
419 1584 536 1619 quam
563 1571 749 1619 mysteria
776 1571 999 1608 veneranda
1029 1575 1240 1618 testantur,
1272 1573 1395 1609 vitam
1425 1573 1537 1610 nobis
1567 1573 1718 1610 dedisse

119 1628 347 1674 perpetuam
367 1625 616 1661 confidamus.
675 1624 752 1661 Per
771 1625 947 1662 eundem.

415 1781 480 1817 DE
510 1791 688 1818 onmmus
719 1779 888 1818 SANorls
917 1791 962 1817 IN
989 1791 1176 1818 TEMPORE
1204 1780 1424 1821 PAsanLl.

204 1845 347 1884 Oratio.

203 1900 364 1945 Praesta,
386 1912 620 1948 quaesumus,
641 1899 890 1948 omnipotens
921 1903 961 1936 et
991 1899 1211 1936 misericors
1243 1901 1363 1946 Deus,
1384 1906 1430 1937 ut
1449 1901 1492 1938 in
1515 1901 1721 1940 Resurrec-

123 1954 230 1991 tione
260 1953 424 1990 Domini
454 1953 581 1989 nostri
611 1953 640 1990 J
642 1966 710 1989 esu
748 1952 895 1989 Christi
932 1966 1021 1990 cum
1059 1954 1241 1990 omnibus
1275 1954 1428 1992 Sanctis
1461 1956 1721 2006 percipiamus

124 2008 313 2045 veraciter
332 2006 561 2056 portionem.
622 2006 701 2051 Qui
719 2010 860 2044 tecum.

204 2069 364 2107 Secreta.

207 2123 377 2171 Suscipe,
408 2121 589 2167 Domine,
619 2121 794 2157 fidelium
826 2134 957 2170 preces
990 2135 1079 2158 cum
1112 2122 1379 2160 oblationibus
1411 2124 1641 2172 hostiarum,
1676 2129 1723 2163 ut

127 2190 197 2227 per
214 2176 296 2213 haec
314 2176 388 2224 piae
408 2175 626 2211 devotionis
647 2175 781 2220 officia,
803 2188 892 2211 cum
911 2176 1093 2212 omnibus
1109 2176 1263 2213 Sanctis
1282 2177 1332 2213 ad
1351 2178 1542 2215 caelestem
1560 2179 1724 2229 gloriam

126 2236 379 2267 transeamus.
438 2228 515 2265 Per
534 2228 749 2265 Dominum
768 2233 958 2266 nostrum.

209 2290 527 2328 Postcommzmio.

209 2346 276 2381 Ab
310 2345 416 2381 omni
445 2357 526 2389 nos,
557 2357 790 2392 quaesumus,
822 2344 1006 2391 Domine,
1037 2348 1235 2383 vetustate
1268 2352 1454 2397 purgatos
1485 2348 1728 2386 Sam-amenti

131 2399 192 2435 tui
212 2398 432 2435 veneranda
452 2398 659 2446 perceptio,
682 2398 1015 2435 intercedentibus
1036 2400 1217 2437 omnibus
1237 2400 1391 2438 Sanctis
1409 2402 1501 2448 tuis,
1523 2403 1563 2438 in
1584 2416 1727 2440 novam

131 2452 338 2489 transferat
357 2456 585 2489 creaturam.
644 2451 731 2489 Per.

136 2607 186 2642 ΙΝ
228 2605 613 2642 COMMEMORATIONE
665 2615 802 2641 BEATAE
847 2605 1004 2642 Mimas:
1045 2617 1071 2642 A
1116 2606 1247 2645 Fnsro
1288 2607 1626 2648 PURIFICATmms
1672 2623 1727 2650 AD

188 2670 323 2707 CAPUT
343 2670 371 2706 J
374 2681 522 2715 EJUNH,
543 2681 591 2706 ET
611 2681 635 2705 A
656 2670 785 2706 FESTO
808 2669 974 2706 SANCTAE
994 2670 1235 2709 TRINITATIS
1255 2684 1387 2718 USQUE
1406 2685 1462 2711 AD
1491 2675 1728 2714 ADVENTUM

186 2735 356 2772 DOMINI.

219 2821 401 2869 Officium.

217 2875 340 2920 Salve,
362 2880 496 2912 sancta
513 2889 663 2925 parens,
685 2876 802 2912 enixa
826 2890 1017 2926 puerpera
1045 2891 1173 2928 regem
1194 2893 1201 2916 :
1238 2880 1309 2929 ‘qui
1339 2880 1473 2918 crelum
1507 2886 1728 2931 ‘terramque

138 2928 238 2979 regit
258 2930 298 2964 in
317 2929 455 2966 saecula
473 2930 711 2966 saeculorum.

218 2981 271 3019 In
291 2989 449 3031 tempore
467 2983 659 3031 Pasclzalz‘,
675 2983 870 3033 Alleluya.
