1979 3348
830 250 1003 306 Kyries.
1633 250 1712 288 251

838 384 1004 422 XXVJX'

713 460 953 498 SALVIFICET
982 472 1128 498 PmTAs.

284 534 482 572 Salvifieet
501 535 626 585 pietas
643 539 713 572 tua
731 549 813 581 neS,
834 536 934 572 bone
954 541 1091 581 rector,
1114 535 1277 585 eleyson.

286 588 440 625 Christe
461 589 537 626 Dei
556 589 748 638 splendor,
769 590 905 634 virtus,
926 590 1135 638 Patrisque
1155 588 1301 638 sophia,
1323 587 1490 636 eleyson.

285 642 494 679 Plasmatis
514 644 536 679 h
544 642 676 679 umani
693 643 828 688 faetor,
850 644 948 692 lapsi
967 648 1177 692 reparator,
1199 643 1364 691 eleyson.

284 696 348 732 Ne
368 700 436 733 tua
455 697 673 743 damnetur,
694 697 722 733 J
724 710 801 743 esu,
824 697 986 743 fitetur-a,
1007 697 1173 746 benigne
1193 697 1358 744 eleyson.

284 750 506 786 Amborum
527 764 678 787 sacrum
699 750 903 799 Spiramen
923 764 1047 787 nexus
1066 763 1262 799 amorque,
1284 749 1449 797 eleyson.

286 803 504 841 Procedens
523 805 652 849 fomes,
672 804 765 840 vitae
784 804 880 850 fons,
903 805 1123 841 sensificans
1142 805 1213 850 vis,
1235 803 1399 852 eleyson.

285 857 480 906 Purgator
499 857 633 907 eulpae,
654 858 777 894 veniae
797 858 959 907 largitor
978 858 1126 907 opimae,
1147 858 1312 906 eleyson.

286 910 462 948 Offensas
480 911 578 956 dele,
598 915 732 948 saneto
751 924 821 949 nos
840 925 1000 948 munere
1020 912 1135 961 reple,
1158 911 1327 961 Spiritus
1346 909 1456 946 alme.

835 1051 1000 1087 XXVI.

714 1129 747 1164 O
777 1127 916 1164 PATER
944 1139 1129 1165 EXCELSE.

286 1204 320 1240 O
342 1204 461 1241 Pater
480 1205 640 1249 excelse,
661 1204 811 1240 sincera
830 1208 961 1241 niente
980 1205 1147 1251 colende,
1170 1204 1334 1253 eleyson.

285 1258 495 1307 Ingenitus
513 1258 668 1307 genitor
686 1271 841 1307 quoque
860 1258 964 1307 pacis
983 1263 1146 1305 amator,
1169 1259 1335 1307 eleyson.

286 1311 408 1348 Parce
427 1313 519 1358 tuis,
540 1312 679 1353 usion†
698 1312 760 1361 pie
779 1313 957 1349 eonditor
976 1312 1091 1358 orbis,
1114 1313 1280 1361 eleyson.

287 1365 443 1402 Christe
463 1366 593 1402 Patris
612 1366 754 1415 genite,
776 1366 1011 1402 famulorum
1032 1367 1195 1403 erimina
1214 1371 1333 1415 terge,
1354 1366 1519 1415 eleyson.

286 1419 466 1456 Clarifica
482 1432 606 1466 voces,
627 1419 718 1456 celsi
737 1419 868 1456 Patris
888 1420 1003 1457 unica
1021 1421 1157 1469 proles,
1179 1421 1344 1469 eleyson.

287 1473 349 1510 Ut
367 1478 407 1509 te
426 1473 630 1510 laudantes
650 1474 811 1510 reboent
830 1474 1072 1510 concorditer
1091 1487 1234 1519 ornnes,
1257 1473 1422 1521 eleyson.

287 1526 371 1563 Nec
391 1527 559 1574 genitus,
580 1541 650 1564 nec
669 1527 880 1576 ingenitus,
903 1534 948 1564 tu
970 1528 1139 1577 Spiritus
1158 1528 1296 1572 almus,
1317 1528 1483 1575 eleyson.

289 1580 364 1617 Sed
383 1581 514 1617 Patris
533 1585 572 1618 et
592 1582 727 1618 Geniti
746 1595 867 1618 verax
887 1581 1099 1630 Sapientia,
1120 1582 1244 1618 nostri
1263 1581 1429 1630 eleyson.

288 1634 447 1683 Suseipe
467 1635 606 1672 devote
626 1636 848 1682 clamantes,
872 1635 1053 1683 Spiritus,
1076 1636 1124 1671 ad
1144 1641 1183 1671 te

289 1688 493 1738 Perpetuae
514 1702 661 1738 sponsae
682 1689 831 1725 soboles
851 1690 997 1726 tuearis
1017 1690 1066 1726 ab
1086 1690 1208 1735 hoste,

287 1742 394 1779 Nam
414 1746 458 1778 tu
479 1742 587 1779 Deus
606 1756 708 1779 unus
727 1743 900 1780 amande.

832 1877 1022 1914 XXVII.

752 1954 844 1990 Lux
872 1964 920 1990 ET
949 1963 1081 1991 emeo.

288 2031 378 2067 Lux
399 2035 438 2067 et
457 2030 564 2080 origo
583 2030 691 2075 lucis,
712 2043 861 2066 summe
882 2030 1003 2074 Deus
1026 2029 1191 2078 eleyson.

288 2085 339 2121 In
360 2085 469 2133 cujus
489 2089 589 2120 nutu
609 2088 790 2121 constant
809 2091 959 2129 cuncta,
983 2084 1149 2120 clemens
1168 2083 1334 2132 eleyson.

291 2138 369 2182 Qui
389 2138 493 2174 solus
512 2143 621 2187 potes
640 2138 827 2183 misereri,
848 2138 960 2174 nobis
980 2137 1145 2186 eleyson.

291 2192 324 2228 O
346 2192 483 2228 mundi
502 2192 736 2241 redemptor,
758 2196 988 2228 cunctorum
1008 2196 1046 2227 et
1066 2191 1200 2237 factor,
1221 2191 1356 2235 nostri,
1376 2191 1538 2233 Christe,
1555 2190 1720 2239 eleyson.

290 2245 367 2282 Per
386 2259 538 2282 crucem
558 2246 768 2294 redemptis
787 2259 810 2282 a
828 2249 954 2282 morte
974 2245 1146 2294 perenni,
1168 2258 1237 2281 rex
1256 2245 1319 2294 pie
1339 2245 1507 2291 Christe,
1529 2245 1695 2292 eleyson.

292 2299 370 2344 Qui
389 2313 428 2336 es
447 2300 610 2336 verbum
632 2299 774 2344 Patris,
793 2299 895 2336 salus
914 2303 954 2335 et
973 2299 1154 2342 humana,
1171 2299 1242 2335 lux
1260 2312 1353 2335 vera
1374 2298 1539 2345 Christe,
1557 2298 1722 2347 eleyson.

288 2354 474 2402 Adonay,
497 2353 666 2390 Domine
685 2354 805 2398 Deus,
820 2354 929 2402 juste
942 2353 1079 2402 judeX,
1102 2353 1266 2402 eleyson.

292 2407 371 2451 Qui
390 2407 610 2444 machinam
629 2407 820 2456 gubernas
840 2420 983 2453 rerum,
1003 2407 1103 2443 alme
1124 2407 1253 2453 Pater,
1275 2407 1441 2455 eleyson.

292 2461 417 2506 Quem
437 2461 562 2498 solum
582 2461 666 2499 laus
685 2465 726 2499 et
744 2461 868 2498 honor
887 2461 996 2498 decet
1014 2474 1120 2497 nune
1139 2464 1178 2497 et
1197 2473 1359 2510 semper,
1374 2460 1547 2510 eleyson.

816 2602 1034 2639 XXVIII.

692 2676 846 2723 Kmm,
878 2677 1066 2714 Gnmron
1097 2677 1167 2727 (2).

290 2749 428 2799 Kyrie,
450 2751 615 2797 genitor,
638 2764 707 2788 rex
726 2765 862 2802 regum
882 2765 1026 2801 perpes,
1049 2753 1214 2801 eleyson.

290 2804 526 2854 Splendiferi
544 2805 712 2842 rutilans
731 2805 803 2842 lux
822 2806 924 2852 solis,
947 2806 1060 2843 nobis
1078 2807 1244 2855 eleyson.

290 2857 481 2895 Conditor
498 2859 647 2904 mundi,
669 2872 740 2896 nos
758 2864 918 2909 protege
937 2873 1099 2910 semper,
1121 2861 1284 2910 eleyson.

292 2911 458 2960 Christe,
479 2913 617 2962 sophia
635 2913 840 2964 imagoque
860 2914 1003 2962 Patris,
1024 2915 1190 2964 eleyson.

494 2987 510 3002 ἕ
535 2987 594 3016 See
609 2987 669 3016 No.
686 2987 726 3016 V.
1080 2990 1104 3026 Ἰ·
1126 2991 1196 3025 i.e..
1221 2993 1343 3023 οὐσιῶν.
