1979 3348
237 224 319 265 216
733 220 877 263 Missa
906 220 957 262 de
986 219 1183 263 Nomine
1211 221 1333 264 Jesu.

703 331 875 370 Simonis
893 331 1087 378 navicula,

756 385 851 423 Filii
870 385 1047 422 tunicula

757 439 822 476 Ne
837 439 1038 476 scindatur
1057 439 1230 489 prohibe.

703 500 850 539 Portus
869 501 1154 550 navigantium,

758 554 899 592 Preces
918 555 1225 604 supplicantium

761 608 957 646 Filiorum
976 609 1127 659 suscipe
1142 622 1154 656 ;

707 670 918 708 Consolare
939 671 1099 717 flebiles,

759 724 788 762 J
792 738 869 761 uva
887 724 1166 775 pusillanimes,

761 779 815 815 Et
835 783 1008 815 errantes
1028 779 1185 828 corrige.

710 841 806 886 Quae
827 840 957 878 Deum
976 840 1201 878 hominibus

762 895 817 931 Et
835 894 915 932 ima
934 895 1151 932 caelestibus

762 948 790 986 J
794 949 921 998 ungis,
943 949 976 986 O
997 962 1186 999 puerpera
1200 962 1211 996 3

710 1010 892 1048 Haereses
911 1011 1104 1057 interime,

766 1064 985 1102 Schismata
1003 1069 1048 1101 tu
1068 1065 1231 1113 destine‚

766 1117 900 1155 Firma
914 1119 1020 1168 pacis
1034 1118 1186 1157 foedera.
1232 1119 1376 1157 Amen.

756 1300 891 1338 MISSA
918 1311 973 1338 DE
1001 1301 1175 1339 Nonum:
1203 1302 1232 1340 J
1235 1296 1344 1341 esu*

334 1415 580 1470 [Quicunque
610 1416 711 1454 hanc
743 1416 911 1453 Missam
943 1417 988 1454 de
1022 1415 1190 1454 Nomine
1220 1416 1318 1455 Jesu
1355 1417 1480 1456 devote
1512 1417 1758 1463 celebraverit,
1794 1416 1852 1455 vel

251 1471 430 1510 celebrari
437 1470 587 1520 fecerit,
608 1471 667 1508 vel
683 1470 866 1518 audierit,
886 1470 1034 1508 habebit
1053 1485 1128 1520 pro
1148 1471 1316 1520 qucclz‘bet
1335 1472 1461 1509 *Missa
1481 1472 1559 1509 tria
1581 1472 1708 1509 millia
1733 1485 1851 1508 anno-

251 1539 343 1564 rum
361 1524 612 1575 indulyentiae
629 1538 656 1562 a
674 1524 844 1562 Domino
860 1538 972 1574 papa
1000 1525 1206 1574 Bonifacio
1225 1532 1363 1574 quarto
1375 1541 1392 1572 ;
1420 1531 1454 1564 et
1472 1526 1659 1564 Robertus
1683 1525 1850 1562 Hallnm

253 1580 449 1630 episcopus
486 1579 754 1617 Salsberiensis
783 1579 826 1615 in
858 1578 1006 1616 castello
1036 1593 1105 1616 suo
1135 1580 1180 1616 cle
1210 1579 1470 1627 Scheruburn,
1500 1581 1578 1617 xix.
1615 1580 1676 1617 die
1712 1579 1852 1616 mensis

252 1633 288 1671 J
285 1634 361 1671 ulii
380 1647 484 1671 anno
498 1633 663 1671 Domini
677 1632 792 1671 MCC
796 1632 947 1671 CCXI.
965 1634 1142 1670 concessi&
1157 1634 1332 1671 ommibus
1343 1648 1424 1671 vere
1440 1635 1613 1672 contritis
1627 1640 1660 1671 et
1676 1632 1852 1682 confessis

253 1687 303 1725 xl.
329 1688 411 1725 dies
437 1687 689 1737 indulqentiae
717 1687 852 1725 totiens
879 1687 1063 1736 quotiens,
1087 1688 1285 1738 perpetuis
1314 1689 1547 1739 temporibus
1573 1689 1853 1726 cluo-atum&—

338 1804 524 1853 Officium.

337 1858 390 1895 In
408 1857 567 1895 nomine
586 1856 750 1895 Domini
768 1857 798 1894 J
799 1870 866 1894 esu
886 1870 1000 1894 omne
1019 1870 1121 1906 genu
1141 1858 1323 1895 flectatur
1350 1857 1574 1906 caelestium,
1595 1857 1854 1904 terrestrium,

257 1916 299 1950 et
316 1912 583 1949 infernorum:
612 1915 652 1949 et
672 1911 799 1948 omnis
819 1911 953 1960 lingua
972 1913 1217 1959 confiteatur,
1240 1912 1332 1962 quia
1359 1912 1554 1950 Dominus
1581 1917 1714 1949 noster
1738 1912 1767 1949 J
1769 1925 1856 1948 esus

259 1966 440 2004 Christus
458 1966 502 2002 in
519 1966 644 2016 gloria
662 1969 721 2002 est
740 1965 815 2002 Dei
835 1965 976 2003 Patris.

338 2030 531 2068 Psalmus.

341 2084 518 2121 Laudate
554 2083 783 2131 Dominum,
822 2084 916 2133 quia
951 2084 1077 2121 bonus
1115 2084 1335 2122 Dominus:
1380 2084 1536 2134 psallite
1572 2084 1723 2121 nomini
1760 2084 1857 2133 ejus⁹

261 2139 447 2189 quoniam
466 2151 597 2177 suave.

345 2203 491 2243 Oratio.

342 2257 460 2305 Deus,
493 2257 563 2307 qui
591 2257 913 2308 gloriosissimum
941 2271 1084 2295 nomen
1116 2258 1144 2296 J
1148 2272 1214 2296 esu
1241 2257 1400 2305 Christi,
1422 2257 1633 2308 Unigeniti
1659 2257 1753 2295 Filii
1786 2257 1858 2302 tui,

264 2312 391 2350 fecisti
428 2312 608 2349 fidelibus
645 2311 725 2349 tuis
762 2325 923 2349 summae
960 2313 1168 2349 suavitatis
1204 2313 1346 2350 affectu
1383 2313 1561 2360 amabile,
1602 2317 1642 2350 et
1678 2311 1860 2359 malignis

264 2366 467 2416 spiritibus
494 2366 743 2403 tremendum
762 2379 806 2403 ac
825 2366 1000 2403 terribile
1016 2380 1025 2412 3
1053 2367 1217 2404 concede
1245 2367 1449 2417 propitius,
1471 2371 1518 2404 ut
1540 2379 1673 2403 omnes
1692 2365 1761 2415 qui
1788 2365 1860 2401 hoc

264 2433 407 2458 nomen
432 2421 574 2457 devote
598 2427 838 2457 venerantur
862 2421 905 2456 in
929 2420 1056 2467 terris,
1084 2425 1226 2457 sanctae
1251 2421 1525 2458 consolationis
1549 2420 1791 2457 dulcedinem
1819 2419 1860 2454 in

264 2474 449 2524 praesenti
467 2474 696 2524 percipiant,
717 2478 758 2511 et
776 2475 819 2511 in
838 2475 972 2511 futuro
990 2474 1179 2523 gaudium
1207 2475 1483 2513 exsultationis
1503 2479 1542 2512 et
1556 2472 1861 2511 interminabilis

261 2528 511 2578 jubilationis
531 2528 747 2567 obtineant.
806 2528 883 2566 Per
902 2529 1079 2566 eundem.

346 2593 472 2631 Lectio
493 2593 663 2630 Actuum
682 2593 954 2643 Apostolorum
973 2594 1045 2642 (iv.
1069 2594 1193 2643 8-12).

348 2647 401 2684 In
432 2647 690 2695 diebussillis,
726 2648 869 2686 Petrus
901 2648 1074 2698 repletus
1108 2648 1261 2699 Spiritu
1298 2648 1441 2686 Sancto
1472 2660 1591 2697 usque
1623 2647 1677 2684 ad
1709 2647 1752 2683 in
1784 2658 1861 2695 quo

268 2705 446 2752 oporteat
462 2714 534 2739 nos
552 2701 680 2739 salvos
698 2701 793 2739 fieri.

351 2766 528 2805 Gradale.

351 2820 570 2859 Constituit
597 2820 705 2858 Deus
725 2822 846 2858 Pater
863 2821 912 2859 ad
932 2821 1135 2859 dexteram
1161 2835 1272 2859 suam
1300 2821 1502 2860 Christum
1521 2820 1550 2858 J
1552 2833 1661 2858 esum
1680 2820 1723 2856 in
1742 2819 1864 2857 caeles·

269 2875 376 2912 tibus
404 2888 521 2925 supra
549 2888 704 2912 omnem
731 2876 1007 2926 principatum,
1037 2880 1284 2926 potestatem,
1305 2880 1345 2913 et
1372 2875 1563 2912 virtutem
1590 2879 1631 2913 et
1658 2872 1866 2911 dominati-

497 2988 512 3005 ³
534 2988 604 3018 MS.
621 2987 807 3017 R-stSA
828 2995 871 3017 nn
892 2988 1142 3018 annnuxoxn
1165 2994 1353 3016 nmmum
1375 2986 1531 3016 Nomms
1553 2986 1646 3015 Jnsv.
