1979 3348
645 254 875 298 Orationes
908 253 1148 297 Generales.
1616 257 1691 296 181

188 366 503 405 Postcommunio.

189 421 444 470 Sumpsimus,
476 419 645 456 Domine
682 420 804 456 beatae
835 418 911 455 Dei
941 417 1147 468 genetricis
1178 429 1328 466 semper
1362 417 1524 466 virginis
1557 416 1694 453 Marias

105 480 147 512 et
176 475 351 511 omnium
381 477 604 510 sanctorum
633 477 792 509 tuorum
825 472 965 508 merita
994 471 1207 508 recolentes
1232 475 1473 507 sacramenta
1503 470 1697 515 caelestia,

109 534 260 578 praesta,
281 540 513 576 quaesumus,
534 531 580 563 ut
600 526 702 575 quod
721 525 989 574 temporaliter
1006 525 1187 574 gerimus,
1209 537 1341 561 eorum
1361 524 1541 573 precibus
1559 524 1695 573 adjuti,

107 581 265 618 aeternis
284 581 436 630 gaudiis
457 593 748 629 consequamur.
807 580 884 616 Per
903 579 1129 616 Dominum.

168 740 498 777 COMMEMORATIO
527 738 860 784 INCARNATIONIS,
891 736 1259 782 RESURREcrioms,
1291 737 1636 783 (fnzcunciffloms,

395 810 676 854 AscENsmms,
707 818 755 844 ET
784 807 1008 844 ADVENTUS
1039 807 1224 844 Smnrrrs
1253 808 1412 846 SANCTI.

194 871 337 909 Oratio.

192 925 319 962 Corda
338 928 480 970 nostra,
502 936 733 973 quaesumus,
756 922 938 969 Domine,
961 926 1117 959 sanctus
1137 923 1317 973 splendor
1336 923 1430 959 Filii
1450 924 1511 960 tui
1529 923 1702 961 incarna-

108 978 238 1025 tionis,
286 978 519 1023 nativitatis,
564 977 764 1026 passionis,
809 977 1111 1024 resurrectionis,
1149 977 1394 1022 ascensionis,
1433 981 1472 1014 et
1509 978 1701 1014 adventus

112 1033 282 1082 Spiritus
303 1032 448 1079 Sancti,
486 1031 669 1068 clementi
700 1034 876 1079 respectu
908 1030 1106 1077 illustret,
1134 1043 1211 1079 quo
1231 1031 1368 1067 mundi
1395 1031 1513 1080 hujus
1532 1032 1703 1068 tenebris

111 1099 240 1123 carere
286 1085 494 1130 valeamus,
534 1088 575 1121 et
611 1085 693 1133 ipso
732 1085 897 1121 ducente
930 1084 1201 1133 perveniamus
1229 1085 1277 1120 ad
1308 1085 1477 1133 patriam
1515 1085 1704 1122 claritatis

110 1144 275 1177 aeternae.
334 1138 411 1175 Per
429 1138 594 1176 eundem
614 1138 839 1175 Dominum.
899 1138 950 1174 In
969 1138 1122 1175 unitate
1141 1139 1313 1187 ejusdem
1333 1138 1513 1188 Spiritus.

192 1193 351 1231 Secreta.

194 1247 245 1283 In
264 1246 461 1283 mentibus
489 1246 644 1292 nostris,
665 1259 896 1295 quaesumus,
920 1246 1099 1293 Domine,
1121 1259 1223 1283 verae
1242 1246 1333 1283 fidei
1361 1251 1602 1283 sacramenta
1621 1260 1706 1282 con-

114 1301 250 1346 firma;
280 1304 326 1337 ut
345 1300 413 1349 qui
432 1303 662 1349 conceptum
693 1300 740 1336 de
772 1300 924 1348 virgine
955 1300 1085 1336 Deum
1114 1313 1252 1336 verum
1271 1304 1310 1336 et
1329 1300 1528 1336 hominem
1552 1301 1707 1337 confite-

114 1368 213 1399 mur,
235 1368 303 1403 per
335 1354 508 1402 ejusdem
538 1353 746 1390 salutiferae
780 1354 1070 1399 incarnationis,
1100 1353 1333 1401 nativitatis,
1363 1354 1564 1403 passionis,
1586 1367 1708 1391 resur-

114 1409 308 1453 rectionis,
329 1407 572 1453 ascensionis,
594 1411 633 1443 et
653 1407 843 1444 adventus
859 1407 993 1444 Sancti
1014 1408 1183 1457 Spiritus
1203 1408 1430 1457 potentiam,
1452 1408 1501 1444 ad
1520 1413 1707 1444 aeternam

115 1475 333 1499 mereamur
352 1461 552 1511 pervenire
572 1461 760 1498 laetitiam.
819 1461 896 1497 Per
915 1461 1091 1498 eundem.
1151 1462 1201 1498 In
1221 1462 1385 1498 unitate.

196 1515 513 1552 Postcommum'o.

198 1569 358 1615 Praesta,
382 1581 615 1618 quaesumus,
635 1569 880 1618 omnipotens
901 1569 1030 1615 Pater,
1053 1574 1099 1605 ut
1118 1569 1186 1618 qui
1207 1569 1299 1605 Filii
1323 1569 1385 1605 tui
1405 1569 1568 1605 Domini
1587 1570 1711 1606 nostri

116 1623 145 1660 J
148 1636 213 1660 esu
247 1623 394 1659 Christi
429 1622 718 1669 incarnationis,
750 1622 983 1669 nativitatis,
1016 1623 1215 1671 passioniS,
1250 1623 1555 1669 resurrectionis,
1586 1636 1712 1659 ascen-

117 1677 246 1721 sionis,
268 1680 308 1713 et
326 1676 517 1713 adventus
547 1676 717 1724 Spiritus
746 1676 880 1712 Sancti
908 1676 1135 1713 memoriam
1164 1677 1297 1713 debita
1317 1677 1578 1713 venerationis
1598 1677 1711 1713 laude

119 1730 290 1775 colimus,
312 1730 386 1779 ipsi
406 1743 473 1778 per
492 1730 665 1779 ejusdem
686 1730 819 1766 Sancti
849 1729 1019 1779 Spiritus
1049 1730 1215 1779 gratiam
1235 1743 1259 1767 a
1286 1734 1411 1766 morte
1430 1731 1570 1766 animae
1590 1744 1713 1767 resur-

118 1797 255 1832 gamus
292 1788 331 1820 et
364 1784 405 1820 in
439 1788 507 1820 tua
543 1797 694 1833 semper
724 1783 1030 1821 sanctificatione
1067 1784 1256 1821 vivamus.
1316 1784 1393 1821 Per
1425 1785 1602 1822 eundem.
1662 1785 1712 1821 In

118 1837 281 1875 unitate.

493 1939 579 1976 PRO
609 1939 732 1977 V1vis
762 1950 810 1976 Er
839 1940 1073 1977 Dssruncris
1104 1951 1338 1977 GENERALIS.

203 2026 337 2065 Oratio
359 2027 564 2063 Generalis.

203 2080 459 2130 Omnipotens
478 2080 712 2129 sempiterne
734 2080 854 2127 Deus,
875 2080 943 2129 qui
971 2081 1157 2116 vivorum*
1182 2081 1394 2117 dominaris
1423 2080 1539 2117 simul
1559 2084 1599 2118 et
1618 2093 1716 2118 mor-

124 2139 293 2181 tuorum,
332 2134 583 2183 omniumque
620 2134 813 2170 misereris
860 2147 955 2183 quos
994 2140 1080 2170 tuos
1117 2134 1192 2170 fide
1229 2138 1268 2170 et
1302 2147 1415 2183 opere
1454 2135 1608 2171 futuros
1636 2148 1716 2172 esse

123 2188 355 2238 praenoscis,
385 2192 425 2224 te
463 2188 689 2236 suppliciter
726 2200 943 2233 exoramus,
983 2191 1028 2223 ut
1074 2201 1144 2236 pro
1182 2188 1323 2237 quibus
1360 2189 1557 2225 effundere
1586 2201 1716 2237 preces

122 2242 375 2285 decrevimus,
405 2254 578 2290 quosque
607 2241 668 2277 vel
693 2254 861 2289 praesens
886 2241 1012 2277 adhue
1036 2241 1221 2278 saeculum
1250 2241 1292 2277 in
1321 2255 1435 2278 carne
1467 2243 1623 2285 retinet,
1654 2242 1717 2279 vel

123 2296 301 2332 futurum
315 2296 398 2343 jam
418 2299 557 2331 exutos
585 2308 743 2343 corpore
771 2295 950 2344 suscepit,
972 2295 1128 2344 pietatis
1156 2300 1234 2331 tuae
1263 2295 1468 2332 clementia
1487 2296 1718 2332 delictorum

125 2362 283 2386 suorum
302 2349 457 2385 veniam
477 2352 515 2384 et
534 2349 675 2397 gaudia
695 2349 877 2398 consequi
895 2353 1119 2386 mereantur
1137 2353 1291 2386 aeterna.
1349 2349 1426 2386 Per
1445 2349 1670 2386 Dominum.

208 2403 367 2440 Secreta.

205 2457 325 2502 Deus,
346 2456 409 2492 cui
428 2456 501 2491 soli
530 2456 708 2504 cognitus
733 2461 791 2493 est
824 2470 1010 2493 numerus
1029 2458 1239 2494 electorum
1268 2457 1309 2492 in
1340 2470 1506 2506 superna
1531 2457 1719 2494 felicitate

127 2510 335 2556 locandus3
363 2510 503 2554 tribue,
525 2523 757 2558 quaesumus,
780 2514 827 2546 ut
854 2511 1127 2548 universorum
1156 2524 1252 2560 quos
1274 2511 1317 2546 in
1336 2511 1511 2547 oratione
1531 2524 1718 2548 commen-

127 2564 240 2600 datos
277 2563 526 2612 suscepimus,
567 2567 606 2600 et
649 2565 825 2600 omnium
861 2564 1048 2608 fidelium,
1083 2565 1264 2601 vivorum
1302 2569 1419 2613 atque
1459 2569 1716 2612 mortuorum,

128 2618 285 2654 nomina
303 2618 426 2654 beatae
446 2617 799 2666 praedestinationis
818 2618 918 2655 liber
936 2620 1105 2667 ascripta
1123 2619 1302 2655 retineat.
1361 2619 1439 2655 Per
1458 2619 1684 2655 Dominum.

208 2671 527 2708 Postcommmzio.

210 2724 425 2761 Purificent
439 2738 519 2767 nos,
538 2738 770 2774 quaesumus,
787 2726 1033 2775 omnipotens
1050 2730 1089 2763 et
1103 2726 1321 2762 misericors
1342 2725 1462 2772 Deus,
1479 2730 1721 2763 sacramenta

131 2791 216 2826 quze
247 2779 507 2827 sumpsimus3
536 2784 575 2814 et
610 2783 752 2827 praesta
788 2783 834 2815 ut
863 2779 935 2816 hoc
970 2784 1082 2816 tuum
1113 2783 1399 2817 sacramentum
1429 2793 1508 2817 non
1537 2780 1588 2817 sit
1607 2780 1720 2816 nobis

130 2835 260 2868 reatus
296 2832 345 2868 ad
381 2845 544 2881 paenam,
585 2833 650 2868 sed
693 2833 917 2870 intercessio
956 2834 1138 2870 salutaris
1175 2834 1224 2870 ad
1260 2834 1439 2875 veniam:
1485 2834 1536 2869 sit
1572 2833 1723 2869 ablutio

131 2884 317 2921 scelerum
334 2899 345 2932 3
372 2886 423 2922 sit
442 2886 633 2922 fortitudo
662 2886 859 2934 fragilium
877 2900 885 2933 3
915 2887 966 2924 sit
986 2892 1122 2924 contra
1149 2888 1287 2924 mundi
1315 2887 1487 2937 pericula
1507 2890 1725 2923 firmamen-

131 2942 242 2984 tum3
272 2938 324 2975 sit
355 2939 535 2975 vivorum
574 2943 692 2988 atque
724 2944 970 2978 mortuorum
1003 2941 1177 2978 fidelium
1206 2941 1380 2978 remissio
1401 2941 1575 2977 omnium
1596 2953 1725 2989 pecca-

131 2995 272 3029 torum.
329 2992 405 3029 Per
425 2992 651 3030 Dominum.
