1979 3348
241 256 296 301 72
854 254 981 298 Festa
1008 253 1217 310 Auyustsi.

320 366 508 416 Epistola.
565 365 664 403 Ecce
682 365 869 403 sacerdos.

322 420 500 458 Gradale.
561 419 661 458 Ecce
683 420 868 457 sacerdos.

317 474 515 524 Alleluya.
581 474 620 512 V.
650 474 678 511 J
682 477 792 511 ustus
810 471 1057 523 germinabit.

319 528 535 577 Sequentia.
592 528 721 566 Adest
739 527 861 573 nobis,
882 532 926 563 ut
945 526 989 563 in
1009 524 1227 564 Communi.

318 581 358 617 E
363 583 589 631 vanqelium.
647 581 781 619 Homo
803 580 974 630 quidam.

321 635 579 683 Offertoriwn.
636 635 808 672 Veritas.

319 688 558 730 Communio.
617 689 798 736 Domine,
820 688 1004 738 quinque.

569 834 638 870 AD
666 833 858 871 Vmcum
885 843 1025 870 SANCTI
1053 831 1192 871 PETRI.
1252 831 1362 880 (Kal.
1384 831 1508 882 Aug.)

320 929 505 979 Officium.
565 931 606 968 N
608 945 684 969 unc
722 931 800 968 scio
832 944 936 979 vere,
967 929 1118 980 require
1151 931 1196 968 in
1227 930 1338 968 Festo
1365 928 1628 979 apostolorum
1658 930 1768 968 Petri
1797 935 1832 969 et

240 985 371 1022 Pauli.

322 1044 466 1083 Oratio.

318 1098 439 1145 Deus,
468 1098 536 1148 qui
564 1099 725 1135 beatum
754 1098 918 1134 Petrum
947 1097 1166 1147 apostolum
1194 1110 1217 1133 a
1245 1097 1386 1134 vinclis
1413 1096 1638 1134 absolutum
1664 1096 1829 1134 illaesum

238 1151 345 1189 abire
382 1151 535 1199 fecisti3
581 1156 816 1198 nostrorum,
849 1164 1080 1200 quaesumus,
1109 1151 1265 1188 absolve
1303 1151 1461 1188 vincula
1497 1154 1752 1200 peccatorum,
1788 1155 1828 1188 et

239 1206 369 1242 omnia
387 1206 491 1243 mala
509 1219 532 1242 a
550 1205 663 1242 nobis
682 1205 918 1254 propitiatus
937 1205 1110 1242 exclude.
1171 1205 1257 1241 Per.

318 1268 507 1305 illemoria
527 1268 571 1304 sle
587 1267 846 1315 -Ilsartyribus‘,

318 1322 509 1358 Fraterna
538 1333 621 1367 nos,
654 1321 834 1367 Domine,
866 1323 1084 1369 martyrum
1108 1324 1267 1357 tuorum
1297 1332 1437 1357 corona
1467 1319 1649 1367 laetificet,
1673 1333 1759 1369 quae
1788 1324 1828 1357 et

237 1375 329 1412 fidei
357 1379 498 1412 nostrae
529 1375 701 1424 praebeat
725 1374 981 1411 incitamenta
1009 1374 1215 1420 virtutum,
1236 1377 1276 1411 et
1308 1373 1519 1423 multiplici
1545 1386 1616 1410 nos
1646 1374 1829 1423 suffragio

238 1429 468 1466 consoletur.

318 1490 505 1540 Epistola.
563 1490 679 1527 Misit
699 1489 887 1528 Herodes,

320 1553 499 1590 Grcodale.
561 1552 785 1589 Constitues
806 1565 879 1589 eos.

317 1607 513 1656 Alleluya.
571 1607 608 1644 V.
640 1606 699 1643 Tu
715 1619 754 1643 es
770 1606 923 1653 Petrus,
936 1610 975 1643 et
989 1619 1105 1656 super
1118 1605 1218 1642 hanc
1234 1610 1386 1655 petram
1401 1605 1598 1643 aedificabo
1613 1606 1826 1643 Ecclesiam

238 1674 373 1699 meam.

316 1721 558 1772 Sequentia.'²‘²'

396 1785 516 1822 Nunc
535 1785 619 1821 luce
638 1784 741 1821 alma
759 1783 992 1833 splendescit
1011 1796 1080 1833 per
1099 1784 1231 1820 orbem
1249 1783 1332 1820 haec
1351 1783 1432 1820 dies
1452 1796 1537 1820 ecce
1555 1783 1733 1834 gloriosa,

395 1839 510 1876 Almi
528 1838 742 1875 recolamus
762 1837 874 1874 Petri
892 1851 984 1874 voce
1004 1837 1114 1874 celsa.

397 1893 612 1930 Gratanter
630 1892 807 1929 modulos
826 1891 1089 1928 accommodet
1108 1891 1151 1927 in
1170 1904 1247 1940 qua

396 1946 606 1983 Vincentis
626 1959 796 1982 amorem
815 1946 863 1982 ob
883 1959 1094 1995 supernum
1114 1945 1236 1981 crucis
1257 1957 1371 1981 sacrae
1391 1948 1537 1994 tropaea

397 2001 617 2046 Meritum†
638 1999 878 2049 gloriamque
897 1998 1123 2048 praelatamss
1142 1999 1183 2035 in
1205 1999 1348 2036 caelesti
1366 1999 1501 2048 gloria,

400 2054 475 2091 Pio
495 2054 609 2091 corde
627 2054 802 2090 fraterna
815 2053 1037 2102 jubiletque
1054 2057 1197 2089 turma.

397 2107 476 2149 Qui
495 2121 518 2145 a
538 2107 694 2145 Christo
713 2107 862 2157 ligandi
881 2107 1132 2156 solvendique
1151 2107 1252 2143 dona

394 2161 616 2211 Accipiens,
640 2162 808 2211 claviger
828 2161 998 2208 effectus,
1019 2165 1153 2198 nostra
1172 2160 1366 2197 resolvens
1385 2160 1553 2207 vincula,

397 2216 648 2253 Sublevando
664 2215 818 2252 aetheris
838 2215 992 2252 sedibus
1012 2219 1205 2264 potestate
1223 2228 1293 2251 nos
1311 2215 1469 2262 tradita,

395 2270 424 2307 J
427 2273 548 2319 ungat
568 2269 684 2306 coetui
702 2273 836 2306 sancto
856 2269 1025 2305 culmine
1044 2269 1086 2305 in
1105 2270 1185 2318 poli
1205 2269 1458 2318 Paradisique
1477 2268 1645 2305 amoem'a

397 2324 481 2361 Ubi
500 2323 636 2360 adorat
655 2323 748 2360 ordo
767 2327 818 2369 te,
841 2322 1006 2370 Christe,
1023 2323 1222 2372 psallendo
1241 2322 1466 2359 harmonica
1484 2335 1576 2359 voce
1595 2321 1742 2359 cantica

396 2378 514 2414 Nova
533 2381 755 2414 sanctorum
774 2377 1038 2413 resonantium
1060 2377 1173 2413 laude
1193 2376 1389 2426 angelicus
1407 2376 1570 2413 mellica.

395 2431 715 2480 Consupernam§
736 2431 809 2479 maj
817 2434 979 2467 estatem
998 2434 1107 2467 tuam
1127 2434 1328 2479 poscentes
1346 2430 1550 2466 humiliter
1568 2429 1722 2475 almam,

398 2485 520 2534 Cujus
544 2485 662 2533 digna
692 2497 762 2521 nos
782 2498 870 2521 cum
900 2485 977 2521 illis
997 2497 1219 2521 resonemus
1251 2497 1331 2520 una
1359 2483 1581 2533 rhythmica
1599 2483 1642 2519 in
1661 2483 1821 2520 excelsis

449 2552 632 2586 carmina,

396 2592 627 2641 Caelestique
652 2591 694 2628 in
722 2592 844 2642 gloria
871 2591 1035 2629 Trinum
1061 2595 1178 2642 atque
1203 2591 1343 2629 Unum
1362 2591 1512 2640 jugiter
1531 2603 1761 2628 veneremur
1779 2591 1821 2627 111

450 2659 552 2682 arva.

397 2700 506 2737 Celsa
526 2703 698 2749 potestas
718 2700 894 2748 angelica
913 2713 1032 2736 ovans
1051 2703 1090 2736 te
1109 2699 1244 2736 laudat
1263 2699 1305 2736 in
1323 2698 1448 2748 gloria
1464 2712 1473 2745 3

395 2754 578 2790 Virtutes
598 2753 681 2790 omli
701 2758 740 2790 te
759 2754 979 2802 glorificant
996 2767 1064 2803 per
1082 2758 1196 2790 astra.

313 2865 327 2875 '⁴
350 2860 419 2889 Ms.
437 2860 597 2888 A.-Cae1i
612 2861 769 2887 enarrant.
813 2860 871 2888 See
885 2860 969 2888 infra
981 2860 1145 2899 Sequentia’
1158 2859 1190 2888 ἰιι.
1207 2858 1356 2889 Communi
1369 2857 1577 2896 apostolorum.

313 2911 330 2946 ’ᾖ
353 2908 396 2936 So
410 2907 565 2935 Horoford
580 2906 702 2935 Missal.
745 2907 840 2935 MSS.
857 2907 919 2935 and
934 2907 1181 2935 Edd.—Merito.

312 2957 329 2993 ζ
353 2956 395 2983 5:¹0
410 2955 478 2983 MS.
496 2955 530 2983 C.
573 2954 651 2982 Edd.
667 2954 729 2982 and
743 2954 838 2982 MSS.
855 2954 883 2982 D
900 2954 962 2982 and
977 2954 1205 2991 F—perlatam.

315 3004 330 3039 ,ξ
354 3002 435 3031 This
449 3002 476 3031 is
489 3002 542 3032 tho
556 3001 687 3038 reading
702 3001 733 3029 of
749 3001 906 3030 Hcreford
922 3001 990 3029 Ms.
1008 3001 1130 3030 Missal.
1173 3000 1252 3029 Edd.
1267 3000 1329 3029 and
1344 2999 1567 3029 Mss.—-Hinc
1583 3008 1760 3037 supernam.
