1979 3348
271 217 354 257 292
989 217 1146 259 Prosae.

377 326 500 376 Cujus
519 328 708 365 nativitas
727 332 785 365 est
804 332 891 364 orta
908 328 1111 376 perspicua
1131 327 1194 364 die
1212 328 1298 372 ista,

376 381 523 430 Ampla
542 382 679 418 mundi
698 395 815 431 regna
835 381 919 417 luce
939 394 1080 430 magna
1099 381 1253 417 radians
1274 381 1464 421 universa.

377 434 598 471 Harmonia
615 435 782 471 melodia
800 448 997 483 concrepa,
1019 435 1255 484 palinodiam
1275 440 1389 472 canta
1407 449 1500 473 voce
1519 436 1750 482 laetabunda,

376 488 430 524 Et
443 488 572 536 jubila
590 488 780 525 clarisona
798 488 993 537 proclama
1012 488 1182 537 qualiter
1202 490 1271 525 hac
1289 488 1331 525 in
1351 489 1412 526 die
1432 490 1483 526 sit
1502 494 1617 526 natus
1637 491 1827 539 Baptista.

375 541 550 578 Adstans
569 542 618 578 ab
642 543 722 578 alta
737 542 896 591 angelus
915 542 1016 588 aula,
1036 542 1244 587 Abscedat,
1264 543 1407 592 inquit,
1427 556 1557 592 pavor,
1580 544 1765 580 Zacharia
1780 557 1791 591 3

378 595 526 632 Anima
544 609 652 632 sacra
670 596 825 645 placens
844 596 885 631 in
905 596 1027 632 aethra
1046 600 1104 632 est
1123 596 1248 645 proles
1267 598 1315 632 ab
1335 597 1407 633 hoc
1426 598 1517 633 data
1535 598 1607 633 tibi
1628 605 1739 646 grata
1755 611 1764 644 3

376 648 453 685 Per
480 662 598 698 quam
626 650 798 686 maxima
820 649 894 685 tibi
919 650 1061 698 gaudia
1086 649 1255 693 venient,
1276 663 1427 686 summa
1457 655 1497 687 et
1520 651 1694 700 tripudia
1702 665 1712 698 3
1740 656 1857 700 atque

481 703 606 739 multa
623 703 807 752 gaudebit
820 703 992 752 jocunda
1010 703 1143 752 populi
1162 710 1293 739 turma
1313 703 1544 742 Christiana.

375 755 517 793 Hune*
536 757 709 805 gratuita
728 757 789 793 dei
807 757 932 806 gratia
951 757 979 793 J
982 757 1173 793 ohannem
1189 757 1347 806 plenum
1367 762 1469 794 certe
1489 758 1658 804 nomina,

375 809 496 846 Suum
518 811 610 859 quia
628 815 825 847 auctorem
844 815 1020 847 materna
1039 811 1183 847 sentiet
1201 811 1307 847 intra
1326 811 1477 848 clausus
1497 817 1620 848 antra.

375 863 562 900 Zacharia
582 864 628 900 ad
647 864 729 901 haec
747 865 887 901 nuntia
905 868 1082 914 gestante
1100 871 1257 914 pectora
1274 865 1485 912 incredula,

373 917 497 953 Fiunt
516 924 627 954 muta
646 919 779 955 statim
799 919 912 964 labia,
935 932 1079 967 organa
1097 918 1333 955 clauduntur
1352 919 1537 968 loquacia.

373 971 448 1007 Sed
468 971 539 1008 hac
558 976 693 1009 sancta
711 972 936 1021 splendente
954 985 1089 1022 ymera
1107 972 1198 1008 caelo
1218 985 1358 1021 magna
1377 978 1416 1009 et
1436 974 1553 1010 dante
1572 972 1732 1018 lumina,

374 1025 506 1061 Mater
524 1025 627 1062 alma
645 1039 714 1075 per
732 1026 906 1075 angelica
924 1026 1043 1062 verba
1061 1026 1169 1062 adest
1188 1026 1288 1073 laeta,
1310 1027 1485 1075 fecunda,
1506 1027 1657 1064 florida.

375 1078 408 1115 Ο
428 1079 527 1115 mira
546 1092 686 1129 magna
704 1081 873 1129 gratiosa
892 1079 967 1116 Dei
987 1093 1158 1116 munera.

373 1133 469 1177 Quae
487 1132 622 1181 lingua
640 1137 753 1169 tanta
771 1133 877 1170 valet
895 1133 1088 1182 explicare
1107 1133 1259 1182 gaudia„

372 1185 505 1222 Mater
523 1186 730 1223 infecunda
744 1187 827 1236 jam
845 1187 1012 1224 fecunda
1030 1187 1131 1236 gerit
1149 1188 1304 1224 viscera.

371 1239 491 1276 Pater
508 1245 599 1276 ante
618 1244 728 1277 muta
746 1254 851 1277 nunc
869 1247 1004 1290 aperta
1023 1240 1161 1289 pandit
1178 1241 1291 1285 labia,
1312 1254 1379 1290 per
1398 1241 1425 1278 J
1429 1242 1592 1279 ohannis
1609 1241 1765 1279 natalia.

370 1293 498 1330 Adest
517 1307 607 1343 ergo
626 1308 767 1343 magna
787 1295 854 1331 illa
872 1295 1009 1331 mundi
1029 1295 1176 1343 lampas
1195 1295 1406 1343 splendida,

372 1348 467 1392 Quae
487 1352 545 1384 est
563 1352 654 1384 ante
674 1349 784 1385 saecla
804 1349 959 1386 Christo
979 1352 1194 1398 praeparata
1212 1362 1378 1385 consona
1398 1350 1582 1386 Davitica
1600 1349 1776 1386 melodia.

371 1401 538 1438 Familia
557 1402 648 1438 inde
667 1403 839 1439 maxima
858 1404 976 1439 sumit
996 1417 1040 1440 ac
1054 1403 1190 1451 jungit
1209 1403 1369 1439 canticis
1388 1404 1550 1440 cantica.

370 1454 594 1505 Propterea,
617 1456 791 1493 Ecclesia
809 1461 893 1493 toto
912 1458 1004 1494 orbe
1023 1462 1219 1493 terrarum
1237 1457 1374 1505 posita,

370 1509 478 1546 Offer
497 1510 688 1559 praeconia
709 1510 864 1547 Christo
884 1515 924 1547 et
939 1524 1112 1557 munera,

370 1562 527 1609 Dicens,
550 1564 583 1600 O
603 1563 630 1600 J
633 1564 804 1600 ohannes
823 1569 1004 1602 natorum
1024 1565 1207 1612 maxime,

369 1616 573 1654 Intercede
592 1631 662 1666 pro
680 1623 815 1654 nostra
833 1619 1009 1655 omnium
1028 1619 1111 1656 vita
1130 1625 1284 1658 aeterna.

970 1747 1161 1784 XXVII.

707 1828 789 1879 (DE
817 1840 977 1866 SANcns
1005 1829 1144 1867 Pin-110
1173 1842 1221 1868 Er
1249 1830 1419 1879 PAULO.)

342 1908 466 1944 Prosa
485 1909 538 1945 acl
557 1908 765 1957 Sequentia
785 1909 951 1946 Sanctus
972 1910 1124 1947 Petrus.

343 1962 540 2011 Alleluya.

260 2026 437 2063 Acium
457 2038 569 2063 ΜΕΤΑ
589 2038 802 2065 PLAUDANT
821 2028 950 2065 caelica

262 2081 396 2117 Aurea
414 2081 486 2117 hac
506 2081 602 2128 luce,
624 2094 740 2130 quam
762 2086 887 2118 sacrat
905 2082 975 2119 lux
995 2083 1206 2132 apostolica
1222 2095 1233 2130 3

264 2135 388 2179 Quam
412 2134 521 2171 Petri
537 2135 728 2184 Paulique
747 2149 931 2184 germana
950 2136 1105 2173 decorat
1125 2137 1267 2173 laurea.

262 2188 368 2225 Nam
388 2189 531 2225 Petrus
550 2189 789 2226 Catholicam
810 2194 894 2226 toto
913 2191 1004 2227 orbe
1024 2191 1187 2239 positam
1205 2191 1278 2227 sub
1294 2190 1450 2227 Christo
1470 2189 1571 2240 regit
1591 2190 1803 2227 Ecclesiam
1819 2206 1826 2228 ε

263 2243 390 2287 Quam
410 2242 555 2279 Paulus
575 2243 758 2279 sublimia
775 2243 981 2280 fundatam
1000 2257 1070 2293 per
1088 2245 1270 2294 dogmata
1289 2244 1337 2281 ad
1366 2257 1484 2291 regna
1505 2244 1685 2293 provehit
1704 2258 1851 2293 supera„

263 2296 404 2332 Petrus
423 2297 572 2333 virtute
592 2301 725 2334 sancta
744 2298 904 2334 vincens
924 2298 1144 2335 Simoni-aea
1170 2303 1343 2335 monstra
1362 2298 1580 2347 triumphat
1599 2298 1640 2334 in
1661 2298 1801 2347 gloria:

262 2350 409 2386 Paulus
428 2350 549 2387 herile
568 2364 721 2400 sperma
739 2355 999 2401 contorquens
1020 2352 1168 2401 Elymae
1188 2352 1352 2402 gemella
1371 2352 1581 2388 obcaecavit
1601 2352 1760 2389 lumina.

262 2404 424 2441 Petrum
438 2404 642 2440 marmoris
656 2405 756 2441 salsa
770 2405 1001 2454 spoliantem
1017 2406 1210 2456 profunda
1223 2406 1358 2443 divina
1370 2406 1523 2442 vocavit
1535 2406 1642 2452 tuba,
1656 2411 1856 2455 capturam

368 2471 446 2507 quo
465 2458 598 2495 trahat
617 2458 829 2495 humanam
849 2473 856 2496 ε

261 2511 509 2561 Paulumque
536 2512 578 2548 in
606 2512 746 2549 Judaea
774 2516 1022 2562 torquentem
1044 2513 1190 2551 Christi
1209 2514 1383 2551 membra
1401 2513 1449 2550 de
1464 2513 1552 2550 sede
1572 2513 1756 2550 clamavit
1774 2513 1854 2550 alta

368 2566 607 2615 perlustrans
626 2566 730 2603 hunc
748 2566 851 2603 alma
870 2567 1055 2604 doctrina.

261 2619 334 2656 Eia
353 2619 534 2668 praecelsa
561 2633 666 2656 nunc
694 2620 868 2669 angelica
896 2626 1025 2658 turma
1045 2635 1241 2671 concrepa,
1264 2626 1303 2658 et
1317 2622 1462 2658 resulta
1481 2634 1572 2657 voce
1587 2621 1690 2657 clara
1709 2620 1857 2657 Christi

366 2674 570 2722 praeconia,
592 2687 707 2723 quem
728 2675 923 2711 confessus
943 2679 1002 2712 est
1020 2689 1100 2712 una
1120 2676 1260 2712 Petrus
1280 2677 1320 2711 in
1340 2676 1468 2724 patria
1486 2689 1493 2712 :

260 2726 406 2763 Paulus
425 2741 566 2763 arcana
578 2728 846 2776 contemplans
860 2741 976 2778 super
987 2729 1122 2775 aethra,
1136 2729 1272 2765 lucifer
1286 2730 1389 2765 inter
1403 2736 1508 2765 astra
1520 2733 1647 2766 totum
1662 2727 1853 2764 mundum

367 2781 494 2817 clarus
513 2780 686 2827 irradiat,
710 2786 749 2818 et
768 2782 815 2818 ad
837 2783 928 2819 vitae
948 2796 1088 2832 pascua
1107 2783 1305 2819 credentes
1324 2783 1497 2819 advocat.

262 2835 424 2872 Petrum
443 2834 568 2871 ferrea
587 2836 788 2884 stringunt
807 2836 900 2883 lora,
922 2836 986 2873 sed
1007 2836 1077 2873 lux
1091 2837 1208 2886 eripit
1222 2837 1395 2886 angelica
1410 2850 1420 2883 3
1440 2836 1543 2873 unde
1558 2835 1622 2886 pio
1637 2835 1749 2874 corde
1764 2835 1853 2872 laeta

367 2889 581 2939 congaudet
602 2888 774 2926 Ecclesia
793 2903 801 2926 ε

692 2974 706 2989 ¹
717 2973 846 3004 Ms.--·⁸
858 2974 953 3013 Hac,”
967 2975 1030 3005 and
1043 2975 1087 3015 by
1101 2975 1276 3006 correction
1291 2978 1309 2994 ‘⁸
1320 2975 1436 3005 Hanc.”
