1979 3348
237 233 289 271 22
825 234 952 275 Festa
981 233 1200 275 Faba-ml
1209 232 1235 274 ἰ.

232 342 345 378 beato
375 344 540 392 praesule
571 348 610 380 et
641 348 812 392 martyre
832 348 901 380 tuo
922 344 1054 380 Blasio
1084 357 1154 393 per
1182 344 1264 380 haec
1296 344 1346 381 ab
1373 345 1553 382 omnibus
1581 345 1830 383 inimicorum

233 400 457 433 nostrorum
477 397 688 434 liberemur
711 398 875 435 insidiis,
935 398 1022 435 Per.

314 450 554 488 Omnanmzio.
614 452 693 496 Qui
712 451 798 488 vult
817 452 960 488 venire.

311 504 631 543 Poste-ommuni&

312 557 488 608 Sumpta,
516 573 749 608 quaesuinUS,
773 559 954 605 Domine,
978 563 1221 596 sacramenta
1253 559 1301 595 ab
1328 559 1436 595 omni
1465 573 1535 596 nos
1565 560 1831 610 nequitiarum

228 610 315 648 labe
334 613 553 660 purificent,
577 618 617 650 et
641 613 906 651 intercedente
926 613 1039 649 beato
1061 613 1191 649 Blasio
1219 613 1382 661 praesule
1403 617 1442 649 et
1467 618 1639 662 martyre
1659 618 1740 660 tuo,
1762 628 1830 651 suo

229 677 389 702 munere
436 672 571 704 contra
617 681 750 704 onmes
797 680 948 716 semper
993 667 1203 704 diabolicos
1250 667 1430 703 incursus
1477 672 1667 705 tucamur.
1755 668 1831 705 Per

230 718 456 757 Dominum.

445 846 591 882 ὃΑΝωΤΙ
623 845 835 891 GILBERTI,
866 856 1139 882 CONFEssoms.
1201 844 1324 895 (Prid.
1349 845 1454 882 Non.
1480 844 1591 895 Feb.)

311 932 496 980 Qffz'clmn.
556 932 611 969 Os
624 932 736 982 justi.

310 985 454 1022 Oratio.
514 986 676 1032 Adesto,
700 986 879 1022 Domine.

308 1040 494 1088 Epistola.
554 1040 733 1077 Dilectus
753 1053 776 1076 a
796 1040 891 1078 Deo.

310 1093 486 1131 Gradale.
546 1094 729 1140 Domine,
752 1093 988 1143 praevenisti.

305 1147 502 1197 Alleluya.
570 1147 607 1185 V.
639 1148 723 1184 Iste
743 1152 909 1184 sanctus.

304 1201 573 1250 Erangyelinm.
631 1201 793 1247 Videte,
817 1201 984 1250 vigilate.

307 1255 564 1303 Qffiertori'zwz.
623 1255 882 1293 Desiderium.

305 1308 543 1346 Communia
603 1308 748 1346 Beatus
774 1322 918 1356 servus,
941 1322 1069 1358 quem,
1098 1322 1185 1345 011111
1216 1309 1368 1345 venerit
1398 1308 1604 1355 Dominus,
1631 1309 1826 1346 invenerit

224 1362 463 1412 vigilantem.

403 1492 573 1529 SANCTAE
602 1491 804 1538 AGATHAE,
827 1502 1008 1528 VIRGINIS
1039 1502 1086 1527 ET
1116 1501 1333 1527 MARTYRIS.
1393 1490 1510 1540 (Non.
1536 1489 1645 1540 Feb.)

305 1577 490 1626 Officium.

303 1632 553 1669 Gaudeamus
584 1645 716 1668 omnes
744 1632 786 1668 in
807 1631 988 1678 Domino,
1014 1632 1113 1668 diem
1135 1631 1279 1667 festum
1308 1631 1544 1667 celebrantes
1578 1631 1649 1667 sub
1678 1631 1822 1669 honore

220 1686 391 1735 Agathae
430 1686 628 1735 martyris,
668 1686 715 1722 de
758 1686 870 1735 cujus
913 1686 1091 1735 passione
1127 1686 1300 1734 gaudent
1343 1685 1471 1734 angeli
1515 1689 1555 1721 et
1598 1685 1822 1722 collaudant

220 1740 369 1776 Filium
389 1740 474 1777 Dei.

301 1794 497 1831 Pscclmus.

301 1848 510 1885 Eructavit
529 1861 594 1885 cor
613 1861 744 1885 meum
763 1849 927 1884 verbum
947 1848 1094 1884 bonum
1113 1861 1120 1884 :
1150 1847 1235 1884 dico
1255 1860 1325 1896 ego
1346 1860 1461 1896 opera
1480 1859 1566 1883 mea
1584 1847 1675 1896 regi.

305 1902 452 1939 Oratio.

299 1956 419 2002 Deus,
443 1955 511 2005 qui
537 1956 642 1992 inter
670 1960 797 1993 cetera
825 1956 1011 2004 potentiae
1040 1960 1118 1991 tuae
1146 1955 1334 1991 miracula
1364 1954 1482 1991 etiam
1510 1954 1553 1991 in
1573 1967 1670 1991 sexu
1689 1954 1820 2005 fragili

218 2010 423 2047 victoriam
443 2010 625 2058 martyrii
644 2010 848 2046 contulisti
868 2024 876 2047 :
906 2010 1070 2046 concede
1098 2009 1303 2058 propitius,
1326 2012 1371 2045 ut
1401 2009 1460 2057 cuj
1469 2022 1512 2045 us
1531 2008 1711 2045 natalitia
1732 2010 1820 2046 coli-

218 2077 316 2110 mus,
338 2078 408 2113 per
427 2065 509 2113 ejus
529 2064 578 2100 ad
592 2067 632 2100 te
652 2064 831 2113 exempla
849 2064 1084 2113 gradiamur.
1143 2063 1219 2100 Per
1238 2064 1464 2099 Dominum.

298 2119 485 2167 Epistola.
546 2118 770 2154 Confitebor
784 2118 870 2164 tibi,
895 2118 1065 2154 Domine
1086 2131 1166 2154 rex.

300 2173 478 2209 Gradale.
537 2172 772 2221 Adjuvabit.

296 2226 494 2275 Alleluya.
564 2226 598 2263 V.
631 2225 824 2262 AEmulor.

297 2279 515 2329 Sequentia.
576 2279 844 2325 Exsultemus,
889 2286 933 2316 ut
969 2279 1013 2316 in
1047 2277 1254 2316 Communi
1269 2294 1284 2323 ,·
1331 2278 1387 2315 rel
1425 2278 1598 2325 Tractus,
1638 2279 1673 2315 si
1711 2278 1819 2328 infin

215 2333 546 2385 ›S‘eptztctyesi72ta7n
565 2334 736 2371 evenerit.
798 2333 972 2372 Tractus.
1033 2333 1110 2378 Qui
1131 2333 1336 2369 seminant.

294 2388 561 2436 Evanyeli'ztm.
622 2387 757 2424 Simile
777 2391 836 2424 est
855 2400 1019 2437 regumn
1040 2387 1219 2424 caelorum
1240 2388 1371 2424 decem
1391 2385 1619 2435 virginibus.

297 2442 553 2489 Offertorz'com.
615 2441 852 2489 Offerentur,
873 2441 1010 2490 majus.

294 2496 455 2533 Secreta.

296 2550 457 2599 Suscipe
485 2562 657 2596 munera,
691 2549 871 2596 Domine,
902 2563 988 2598 quae
1017 2550 1059 2585 in
1087 2550 1209 2585 beatae
1231 2548 1399 2598 Agathae
1426 2548 1609 2598 martyris
1636 2551 1714 2585 tuae
1743 2548 1814 2585 sol-

214 2603 418 2640 lemnitate
457 2603 678 2650 deferimus,
718 2604 827 2652 cujus
864 2617 933 2640 nos
972 2603 1202 2640 confidimus
1241 2603 1457 2652 patrocinio
1490 2602 1658 2639 liberari.
1736 2602 1813 2640 Per

215 2657 442 2694 Dominum.

296 2711 538 2749 C'ommzmio.

296 2765 376 2810 Qui
409 2778 471 2801 me
503 2765 687 2814 dignatus
711 2777 749 2801 es
780 2768 821 2801 at
851 2764 959 2801 omni
987 2765 1101 2814 plaga
1134 2777 1279 2810 curare,
1301 2770 1341 2801 et
1366 2764 1559 2801 mamillas
1589 2776 1693 2800 meas
1723 2776 1810 2801 meo

213 2819 361 2869 pectori
380 2820 599 2865 restituere,
621 2819 749 2867 ipsum
769 2818 907 2855 invoco
928 2819 1057 2855 Deum
1078 2819 1228 2855 vivum.

294 2873 615 2910 Postcommunio.

293 2927 557 2963 Auxilientur
586 2925 709 2972 nobis,
733 2925 912 2972 Domine,
936 2932 1092 2975 sumpta
1116 2926 1312 2975 mysteria,
1335 2930 1375 2962 et
1404 2925 1668 2962 intercedente
1698 2925 1812 2963 beata

213 2981 374 3030 Agatha
393 2984 565 3030 martyre
584 2984 654 3017 tua
673 2980 909 3029 sempiterna
924 2980 1165 3029 protectione
1184 2980 1426 3018 confirment.
1485 2979 1572 3017 Per.
