1979 3348
201 765 758 829 COMMUNE
853 764 1547 828 SANGTORUM.

552 1118 602 1153 IN
631 1117 803 1154 VIGILIA
830 1128 952 1155 mnus
981 1117 1196 1154 APOSTOLI.

164 1204 347 1253 Officimn.

158 1257 242 1307 Ego
275 1262 406 1295 autem
439 1257 540 1294 sicut
574 1257 676 1294 oliva
709 1257 944 1294 fructificavi
981 1257 1023 1293 in
1060 1257 1173 1293 domo
1212 1256 1399 1293 Domini:
1444 1256 1597 1305 speravi
1628 1254 1671 1291 in

77 1312 341 1349 misericordia
370 1312 445 1348 Dei
473 1311 561 1356 mei,
583 1315 622 1347 et
650 1312 880 1360 exspectabo
908 1324 1051 1348 nomen
1077 1315 1203 1357 tuum,
1221 1311 1406 1360 quoniam
1438 1311 1585 1347 bonum
1614 1314 1672 1346 est

74 1370 170 1403 ante
190 1370 437 1415 conspectum
458 1369 680 1402 sanctorum
699 1369 867 1402 tuorum.

159 1427 352 1465 Psalmus.

158 1482 264 1527 Quid
282 1481 459 1531 gloriaris
478 1481 520 1517 in
541 1481 692 1518 malitia
708 1495 715 1517 ε
744 1481 814 1530 qui
832 1484 969 1530 potens
989 1494 1028 1517 es
1047 1481 1089 1516 in
1108 1481 1347 1529 iniquitate?

160 1543 304 1581 Oratio.

158 1597 334 1634 Concede
354 1597 476 1643 nobis,
501 1610 733 1645 quaesumus,
752 1597 997 1645 omnipotens
1018 1597 1135 1641 Deus,
1155 1600 1362 1632 venturam
1381 1595 1487 1643 beati
1506 1593 1671 1644 apostoli

75 1650 137 1687 tui
169 1651 218 1687 N.
255 1651 557 1688 sollemnitatem
590 1664 759 1699 congruo
792 1650 1006 1699 praevenire
1039 1650 1185 1686 honore
1218 1654 1258 1686 et
1288 1649 1512 1686 Venientem
1553 1648 1671 1698 (ligna

76 1704 269 1742 celebrare
288 1704 506 1741 devotione.
565 1704 642 1741 Per
662 1704 889 1741 Dominum.

157 1767 282 1804 Lectio
298 1766 387 1804 libri
405 1766 613 1815 Sapientice
633 1766 769 1816 (Prov.
793 1766 1027 1816 iii.13-20)

156 1821 302 1857 Beatus
321 1820 436 1856 homo
465 1820 533 1870 qui
561 1820 715 1857 invenit
743 1820 985 1869 sapientiam,
1008 1823 1048 1856 et
1073 1820 1142 1869 qui
1172 1820 1299 1856 affluit
1323 1819 1532 1869 prudentia
1555 1830 1670 1867 usque

74 1874 129 1912 acl
147 1874 348 1924 Sapientia
365 1874 472 1911 illius
493 1878 708 1923 eruperunt
726 1875 857 1923 abyssi
873 1888 880 1911 :
909 1878 949 1911 et
968 1874 1091 1910 nubes
1110 1887 1197 1910 rore
1217 1877 1478 1911 concrescunt.

156 1936 280 1973 Lectio
301 1936 390 1973 libri
408 1936 616 1984 ,S‘apiesnstiae
635 1935 805 1984 (Eeclus.
828 1936 914 1972 mliv.
940 1936 1002 1980 26,
1024 1936 1073 1973 27
1091 1949 1099 1981 3
1128 1936 1200 1972 cclv.
1225 1936 1322 1986 2-9).

155 1990 382 2027 Benedictio
414 1989 577 2026 Domini
609 2003 724 2038 super
751 1994 868 2038 eaput
896 1990 1006 2038 justi.
1066 1989 1160 2026 Ideo
1189 1990 1296 2026 dedit
1315 1989 1375 2026 illi
1394 1989 1663 2035 hereditatem,

75 2047 114 2080 et
135 2043 270 2080 divisit
297 2043 357 2080 illi
385 2043 536 2093 partem
564 2043 605 2079 in
634 2044 814 2080 tribubus
844 2043 1047 2080 duodecim
1061 2057 1070 2089 3
1100 2048 1139 2080 et
1157 2043 1312 2080 invenit
1330 2043 1498 2091 gratiam
1521 2043 1562 2079 in
1582 2055 1669 2079 con-

74 2101 209 2146 spectu
230 2098 355 2134 omnis
375 2097 510 2134 carnis.
571 2097 624 2132 Et
643 2097 909 2146 magnificavit
929 2110 1017 2134 eum
1045 2097 1087 2133 in
1115 2097 1257 2133 timore
1285 2097 1545 2142 inimicorum,
1567 2100 1607 2132 et
1626 2095 1667 2131 in

75 2151 204 2188 verbis
223 2151 303 2187 suis
322 2155 497 2187 monstra
524 2150 706 2200 placavit.
765 2150 1009 2187 Glorificavit
1037 2163 1126 2187 eum
1154 2151 1196 2186 in
1224 2155 1432 2200 conspectu
1458 2163 1604 2199 regum,
1628 2152 1667 2185 et

73 2203 245 2241 ostendit
277 2204 338 2240 illi
369 2204 533 2253 gloriam
566 2217 684 2241 suam.
758 2204 808 2240 Iu
837 2204 912 2240 fide
948 2208 987 2240 et
1020 2204 1182 2253 lenitate
1214 2204 1336 2253 ipsius
1368 2207 1547 2240 sanctum
1575 2202 1667 2239 fecit

75 2257 200 2303 illum,
221 2261 261 2294 et
279 2258 397 2308 elegit
424 2271 514 2295 eum
543 2270 592 2294 ex
620 2258 727 2294 omni
755 2271 879 2294 carne.
938 2258 992 2294 Et
1022 2257 1129 2294 dedit
1160 2257 1220 2293 illi
1247 2271 1312 2294 cor
1339 2258 1388 2294 ad
1416 2261 1609 2306 praecepta
1627 2259 1667 2293 et

74 2311 197 2360 legem
232 2312 324 2348 vitae
358 2316 397 2348 et
429 2312 655 2361 disciplinae,
692 2316 731 2348 et
761 2312 954 2348 excelsum
987 2311 1080 2347 fecit
1112 2311 1234 2347 illum.
1299 2311 1449 2348 Statuit
1482 2311 1518 2347 ei
1550 2314 1667 2347 testa-

74 2370 252 2402 mentum
280 2369 482 2411 aeternum,
503 2370 542 2401 et
570 2365 844 2402 circumcinxit
873 2378 962 2401 eum
993 2378 1089 2403 zona
1116 2365 1294 2414 justitiae.
1353 2365 1406 2401 Et
1424 2364 1556 2401 induit
1576 2377 1665 2401 eum

76 2418 270 2456 Dominus
290 2432 430 2455 corona
448 2419 589 2469 gloriae.

157 2480 334 2517 Graclale.

153 2534 181 2571 J
184 2538 294 2570 ustus
326 2538 373 2570 ut
405 2534 534 2583 palma
565 2534 742 2572 florebit:
784 2534 885 2571 sicut
917 2534 1053 2570 cedrus
1087 2533 1230 2570 Libani
1262 2533 1591 2583 multiplicabitur
1623 2532 1665 2569 in

74 2586 189 2624 domo
209 2588 380 2624 Domini.

82 2640 121 2677 V.
151 2641 219 2677 Ad
245 2641 563 2678 annuntiandum
592 2654 706 2679 mane
737 2641 1043 2679 misericordiam
1080 2644 1214 2678 tuam:
1251 2646 1291 2678 et
1318 2642 1525 2678 veritatem
1553 2644 1665 2678 tuam

75 2706 144 2742 per
162 2699 326 2732 noctem.

154 2755 200 2792 Si
213 2756 419 2794 Dominicco
439 2758 610 2804 evenerit,
631 2757 826 2807 Alleluya.
894 2757 931 2794 V.
963 2757 991 2794 J
994 2761 1105 2793 ustus
1123 2769 1204 2794 non
1222 2756 1544 2794 conturbabitur:
1573 2755 1666 2805 quia

77 2808 272 2846 Dominus
289 2811 422 2848 firmat
439 2825 599 2849 manum
621 2812 712 2861 ejus.

155 2870 376 2909 Secundum
394 2873 614 2911 Johcmmem
632 2874 711 2923 (πυ.
738 2873 887 2921 17-25)

156 2924 207 2960 In
233 2925 300 2962 1110
327 2930 513 2976 tempore,
543 2928 660 2964 Dixit
689 2928 716 2964 J
720 2940 805 2963 esus
831 2926 1029 2975 discipulis
1057 2926 1137 2962 suis
1151 2939 1160 2972 3
1190 2926 1289 2962 Haec
1315 2925 1456 2962 mando
1476 2925 1598 2971 vobis,
1620 2927 1665 2960 ut

73 2977 248 3027 diligatis
266 2979 435 3018 invicem
454 2994 573 3029 usque
593 2982 646 3018 (ch
666 2981 758 3030 quia
777 2980 865 3017 odio
884 2980 1107 3017 habuerunt
1125 2993 1187 3016 me
1206 2979 1337 3028 gratis.
