1979 3348
241 216 325 256 154
588 215 650 256 In
669 214 788 257 Festo
809 214 954 256 'unius
982 213 1190 270 Viryinis
1210 219 1248 256 et
1268 215 1322 256 M
1320 215 1498 271 artyris.

323 325 575 373 Offertorizcm.
635 326 841 363 Mirabilis.

323 379 577 426 Qffertore‘mn.
637 380 915 416 Exsultabunt.

326 433 580 480 Qffertorinm.
641 433 861 469 Laetamini.

324 486 483 524 Secreta.

321 540 489 589 Suscipc,
521 541 701 586 Domine,
732 553 863 589 preces
899 543 939 576 et
970 552 1158 587 munera,
1192 553 1277 589 quae
1309 543 1356 576 ut
1388 544 1457 577 tuo
1487 541 1604 590 digna
1636 541 1715 577 sint
1748 553 1835 577 con-

244 595 405 643 spectui,
427 599 648 630 sanctorum
679 594 940 630 consessorum
973 598 1133 631 tuorum
1163 593 1214 631 N.
1243 598 1282 631 et
1305 594 1356 631 .N.
1387 595 1564 643 precibus
1594 594 1834 644 adjuvemur.

245 648 330 686 Per.

322 701 563 739 Communia.
622 702 649 738 J
652 705 830 737 ustorum
851 701 1001 738 animae.

326 755 565 793 Commszio.
625 755 927 804 Gaudetejusti.

325 809 644 846 Postcommunz'o.

325 862 505 912 Corporis
543 863 642 899 sacri
679 868 718 900 et
751 863 912 912 pretiosi
953 863 1155 911 sanguinis
1193 863 1333 912 repleti
1370 863 1567 910 libamine,
1604 875 1834 912 quaesumus,

244 917 415 954 Domine
436 916 543 953 Deus
562 921 694 953 noster
709 931 717 963 ;
745 922 791 953 ut
811 917 914 966 quod
934 917 999 966 pia
1018 917 1225 954 devotione
1245 917 1426 966 gerimus,
1448 921 1554 954 certa
1573 916 1839 966 redemptione

244 971 451 1021 capiamus
512 971 588 1008 Per
608 971 835 1008 Dominum.

582 1079 632 1115 IN
662 1078 792 1115 FEsro
820 1088 944 1115 UNIUS
973 1078 1169 1115 VIRGINIS
1198 1089 1247 1114 ET
1277 1077 1506 1115 MARTYRIS.

330 1133 515 1182 Officium.

287 1235 289 1238 Α
323 1187 529 1236 Loquebar
544 1186 590 1222 de
609 1185 844 1222 testimoniis
857 1186 937 1222 tuis
950 1185 992 1221 in
1011 1188 1219 1234 conspectu
1238 1198 1384 1235 regum,
1401 1190 1441 1222 et
1456 1198 1536 1222 non
1552 1184 1815 1222 confundebar
1829 1196 1837 1221 :

244 1245 284 1280 et
302 1241 520 1278 meditabar
538 1240 581 1275 in
600 1240 795 1276 mandatis
814 1239 905 1285 tuis,
929 1252 1014 1288 quae
1035 1239 1156 1275 dilexi
1175 1239 1302 1276 nimis.

325 1294 517 1331 Psahnus.
577 1293 693 1329 Beati
711 1293 953 1330 immaculati
973 1293 1014 1329 in
1034 1293 1120 1329 via:
1151 1293 1223 1343 qui·
1238 1293 1443 1330 ambulant
1461 1293 1504 1329 in
1522 1292 1606 1342 lege
1627 1291 1799 1329 Domini.

325 1348 450 1385 Aliud
472 1347 657 1395 Officium.
1823 1389 1826 1393 ι

326 1402 395 1438 Μο
432 1405 756 1450 exspectaverunt
792 1405 1011 1449 peccatores
1048 1404 1094 1437 ut
1124 1400 1331 1450 perderent
1368 1413 1430 1437 me
1446 1413 1454 1436 ε
1495 1399 1721 1437 testimonia
1757 1402 1838 1444 tua,

245 1457 427 1503 Domine,
449 1455 652 1492 intellexi:
681 1455 807 1492 omnis
826 1454 1171 1492 consummationis
1190 1455 1274 1491 vidi
1292 1454 1433 1491 finem:
1463 1454 1588 1491 latum
1612 1453 1842 1490 mandatum

246 1518 362 1549 tuum
382 1509 509 1546 nimis.

324 1564 515 1601 Psalmus.
575 1563 691 1600 Beati
708 1562 951 1599 immaculati
968 1562 1011 1598 in
1030 1562 1117 1599 via:
1147 1563 1216 1611 qui
1234 1562 1439 1599 ambulant
1457 1562 1500 1598 in
1518 1562 1601 1612 lege
1622 1560 1794 1598 Domini.

329 1617 516 1666 Officium.
1825 1613 1828 1616 ’

324 1671 497 1708 Vultum
517 1675 631 1707 tuum
651 1671 966 1720 deprecabuntur
990 1683 1123 1707 omnes
1143 1670 1285 1707 divites
1313 1670 1459 1719 plebis:
1488 1670 1732 1706 adducentur
1760 1667 1843 1716 regi

244 1725 417 1775 virgines
429 1729 516 1774 post
531 1738 616 1761 eam
631 1738 638 1761 :
659 1725 847 1774 proximae
861 1725 944 1773 ejus
959 1724 1203 1761 adducentur
1214 1724 1291 1760 tibi
1304 1725 1346 1760 in
1359 1724 1498 1760 laetitia
1514 1728 1553 1760 et
1568 1722 1839 1760 exsultatione.

329 1779 523 1816 Psalmus.
730 1819 733 1822 Δ

327 1833 535 1870 Eructavit
554 1845 619 1869 cor
638 1845 769 1869 meum
788 1833 952 1869 verbum
970 1832 1116 1869 bonum
1133 1845 1141 1868 ε
1170 1831 1255 1868 dico
1275 1844 1344 1881 ego
1363 1844 1478 1881 opera
1497 1844 1582 1868 mea
1601 1830 1692 1881 regi.

331 1886 515 1935 Officium.

327 1941 517 1978 Dilexisti
541 1940 740 1989 justitiam
766 1943 805 1976 et
825 1939 942 1976 odisti
966 1939 1240 1988 iniquitatem:
1269 1943 1473 1989 propterea
1503 1939 1620 1975 unxit
1650 1942 1690 1975 te
1721 1937 1842 1984 Deus,

250 1995 358 2034 Deus
378 1999 481 2041 tuus,
505 1995 587 2031 oleo
607 1994 755 2030 laetitiae
775 2007 853 2043 prae
873 1994 1116 2030 consortibus
1138 1994 1228 2030 tuis.

327 2048 382 2085 In
403 2055 563 2097 tempore
582 2047 776 2094 Pasclbali,
798 2047 996 2096 Alleluya,
1018 2047 1197 2097 alleluya,
1218 2047 1397 2096 alleluya.

328 2103 520 2140 Psalmus.
681 2136 682 2139 ,

329 2157 538 2193 Eructavit
557 2169 622 2193 cor
640 2169 771 2193 meum
790 2155 955 2192 verbum
973 2156 1120 2192 bonum
1137 2169 1144 2192 ε
1173 2155 1259 2192 dico
1279 2168 1350 2205 ego
1370 2167 1485 2204 opera
1504 2167 1588 2191 mea
1607 2154 1699 2203 regi.

332 2211 517 2259 Qfficimn.

329 2264 517 2314 Cognovi,
556 2263 737 2309 Domine,
777 2263 870 2312 quia
907 2263 1070 2312 aequitas
1106 2262 1257 2312 judicia
1293 2266 1374 2309 tua,
1414 2266 1454 2299 et
1490 2263 1533 2299 in
1570 2261 1738 2298 veritate
1774 2264 1845 2298 tua

248 2319 468 2357 humiliasti
486 2332 572 2355 me:
601 2318 749 2368 confige
769 2318 909 2354 timore
927 2321 996 2353 tuo
1016 2330 1150 2354 carnes
1168 2330 1283 2364 meas,
1305 2330 1328 2353 a
1351 2317 1547 2353 mandatis
1571 2316 1650 2353 tuis
1679 2328 1759 2351 non
1784 2327 1847 2352 me

250 2373 432 2422 expellas.
1168 2418 1171 2421 ι

330 2426 523 2463 Psalmus.
583 2425 700 2462 Beati
718 2425 961 2462 immaculati
979 2425 1022 2462 in
1040 2424 1105 2462 via
1121 2438 1129 2462 :
1157 2424 1227 2474 qui
1245 2424 1450 2461 ambulant
1468 2424 1510 2460 in
1529 2423 1612 2473 lege
1632 2422 1804 2460 Domini.

334 2480 478 2517 Oratio.
1237 2512 1240 2514 ,

330 2534 449 2580 Deus,
471 2533 540 2583 qui
559 2546 628 2570 nos
646 2533 770 2570 beatae
790 2533 842 2570 N.
864 2532 1029 2582 virginis
1049 2532 1311 2582 martyrisque
1336 2535 1414 2569 tuae
1433 2544 1565 2568 annua
1584 2529 1849 2567 sollemnitate

250 2588 423 2626 laetificas
438 2601 448 2633 3
477 2587 641 2624 concede
669 2587 874 2637 propitius,
897 2591 943 2624 ut
971 2588 1055 2637 ejus
1073 2587 1307 2636 adjuvemur
1325 2586 1486 2633 meritis,
1517 2585 1628 2634 cujus
1655 2583 1848 2621 castitatis

250 2642 487 2680 irradiamur
505 2641 704 2690 exemplis.
764 2641 850 2678 Per.

331 2695 396 2731 Ad
417 2695 640 2732 Corinthios
661 2694 697 2745 (l
722 2695 786 2732 vii.
811 2694 960 2745 25-34).
1113 2734 1114 2737 Ἴ

332 2749 517 2786 Fratres:
550 2749 611 2785 De
630 2749 850 2798 virginibus
870 2752 1108 2798 praeceptum
1137 2748 1301 2786 Domini
1330 2760 1449 2797 usque
1478 2747 1532 2784 ad
1560 2749 1606 2782 ut
1635 2745 1688 2783 sit
1715 2749 1849 2783 sancta

249 2816 407 2852 corpore
427 2806 466 2839 et
486 2803 640 2852 spiritU,
664 2802 715 2839 In
737 2802 939 2840 Christos
943 2816 1010 2839 esu
1032 2803 1203 2840 Domino
1222 2806 1365 2839 nostro.

330 2857 456 2894 Lectio
478 2857 568 2893 libri
585 2855 795 2903 Sapientiae
814 2857 986 2906 (Ecclus.
1010 2856 1048 2893 li.
1075 2856 1172 2906 1-8)

332 2911 558 2948 Confitebor
590 2910 676 2956 tibi,
714 2910 884 2947 Domine
912 2924 983 2947 rex
998 2924 1008 2957 3
1047 2914 1087 2947 et
1121 2910 1348 2947 collaudabo
1382 2913 1421 2946 te
1453 2909 1581 2946 Deum
1617 2907 1851 2944 salvatorem

249 2977 381 3003 meum
400 2978 519 3013 usque
539 2965 592 3001 ad
612 2968 652 3001 et
670 2964 813 3001 liberas
833 2977 896 3001 eos
916 2965 962 3002 de
984 2978 1106 3002 manu
1125 2964 1328 3015 angustiae,
1351 2963 1520 3000 Domine
1541 2963 1649 2999 Deus
1668 2964 1809 2999 noster.
