1979 3348
554 174 668 217 Ordo
698 175 759 217 ad
779 174 996 229 facienda
1025 174 1281 229 sponsalia.
1634 181 1710 217 ’191

210 284 385 322 G'radale.

206 338 441 375 Benedictus
483 351 534 384 es,
580 339 761 385 Domine,
805 340 873 388 qui
920 338 1084 375 intueris
1129 339 1312 387 abyssos:
1364 343 1404 375 et
1445 339 1553 376 sedes
1599 354 1715 390 snper

125 391 322 429 cherubin.

135 445 170 482 V.
208 445 433 482 Benedicite
453 445 582 482 Deum
602 446 707 482 caeli:
737 446 830 494 quia
849 446 941 482 fecit
959 445 1162 482 nobiscum
1182 445 1485 482 misericordiam
1505 459 1624 483 suam.

203 498 398 545 Alleluya.
467 499 504 536 V.
537 499 772 536 Benedictus
801 512 851 546 es,
874 499 1043 536 Domine
1071 499 1179 535 Deus
1206 502 1364 548 patrum
1392 505 1639 537 nostrorum:
1674 507 1712 537 et

124 551 331 588 laudabilis
349 552 391 588 in
411 553 556 589 saecula.

203 605 419 643 Secundam
442 606 663 643 Jolzannem
682 606 762 654 (iii.
788 606 938 654 27-29).

203 658 255 695 In
286 659 355 695 illo
385 664 569 709 tempore,
605 659 860 708 Respondens
896 659 1097 696 Johannes
1127 659 1255 696 dixit:
1299 659 1392 696 Non
1428 665 1557 709 potest
1594 661 1710 697 hoino

121 712 291 761 accipere
310 713 519 762 quicquam
543 726 656 761 nsque
676 714 729 749 ad
747 713 966 761 impleatur.

203 766 338 803 Credo.

203 819 456 867 Offertorianz.

201 873 437 911 Benedictus
474 874 526 909 sit
564 874 670 910 Deus
708 873 837 919 Pater,
873 873 1194 922 Unigenitusque
1233 874 1309 910 Dei
1347 875 1498 911 Filius:
1543 875 1709 912 Sanctus¹

119 939 274 976 quoque
295 927 474 976 Spiritus,
498 928 589 976 quia
607 927 701 964 fecit
719 928 921 964 nobiscum
942 928 1243 964 misericordiam
1263 941 1382 964 suam.

199 981 356 1018 Secreta.

201 1034 418 1083 Sanctifica,
439 1048 671 1084 quaesumus,
694 1034 862 1071 Domine
891 1034 998 1071 Deus
1026 1039 1170 1080 noster,
1200 1048 1268 1083 per
1295 1035 1357 1071 tui
1385 1036 1510 1072 sancti
1538 1037 1708 1073 nominis

119 1087 406 1125 invocationem
436 1094 475 1126 et
498 1101 567 1137 per
586 1088 797 1137 Unigeniti
824 1089 886 1124 tui
914 1089 1102 1125 virtutem
1132 1089 1249 1137 hujus
1278 1089 1486 1126 oblationis
1515 1089 1706 1136 hostiam;

117 1145 157 1177 et
189 1147 419 1191 cooperante
448 1143 599 1192 Spiritu
628 1142 781 1187 Sancto,
802 1155 871 1191 per
898 1155 982 1178 eam
1010 1143 1266 1191 nosmetipsos
1294 1143 1369 1179 tibi
1397 1144 1535 1192 perfice
1564 1157 1706 1181 munus

116 1198 314 1232 aeternum.

196 1248 290 1285 Alia
308 1250 456 1287 Secreta
475 1251 543 1287 snb
563 1251 692 1286 eadem
711 1248 956 1286 conclusione.

198 1302 367 1354 Suscipe,
383 1317 616 1353 quaesumus,
634 1304 811 1346 Domine,
828 1316 897 1351 pro
917 1317 1023 1340 sacra
1042 1304 1226 1340 connubii
1246 1304 1328 1354 lege
1345 1317 1486 1341 munus
1503 1305 1678 1341 oblatum
1697 1320 1703 1344 :

115 1361 156 1392 et
175 1357 284 1405 eujus
303 1358 467 1407 largitor
486 1371 525 1394 es
545 1357 681 1406 operis,
703 1361 785 1393 esto
805 1357 1014 1406 dispositor
1033 1357 1262 1395 sanctitatis.
1322 1358 1399 1394 Per
1419 1358 1646 1396 Dominum.

196 1410 393 1460 Prajfatio.

197 1463 275 1508 Qui
305 1479 393 1502 cum
426 1465 678 1514 Unigeffltus,
709 1470 741 1501 et
774 1470 904 1510 cetera,
936 1478 1054 1513 nsque
1092 1465 1155 1501 Da
1184 1465 1377 1514 propitius
1409 1478 1553 1514 pacem.
1629 1467 1704 1502 Per

113 1517 290 1555 eundem.

196 1572 274 1609 Hic
303 1572 487 1610 Sacerdos
512 1572 645 1620 faciat
670 1572 907 1619 ]”1·(10ΐὶ0110111
930 1572 1188 1608 Eucharistice
1222 1586 1324 1609 more
1356 1573 1475 1619 solito,
1505 1579 1538 1609 et
1567 1574 1669 1609 dicat
1690 1588 1699 1609 .·

114 1626 191 1664 Per
210 1626 340 1662 omnia
358 1627 498 1663 saecula
518 1626 755 1662 saeculoruni.
805 1626 940 1662 Postea
962 1626 1134 1662 dimittat
1141 1625 1357 1674 ²fractiones
1375 1640 1490 1674 snper
1501 1633 1700 1675 patenam.

113 1686 146 1717 et
165 1679 278 1718 calice
307 1680 565 1728 corporalibus
584 1685 761 1728 cooperto,
783 1685 904 1715 ‘vertat
923 1693 957 1716 se
976 1679 1160 1716 »Sacerdos
1185 1681 1238 1715 ad
1256 1693 1438 1728 sponsum
1457 1686 1490 1717 et
1510 1694 1700 1728 sponsam,

110 1740 145 1770 et
173 1735 277 1771 dicat
305 1747 419 1783 snper
446 1747 504 1771 eos
539 1733 738 1770 Orationes
771 1739 970 1781 sequentes,
1001 1733 1080 1769 illis
1110 1733 1443 1781 ,qennjl'ectentibus
1474 1735 1543 1771 sub
1575 1735 1701 1783 pallio

110 1801 226 1837 snper
245 1801 303 1825 eos
321 1794 477 1833 eaetento,
498 1788 601 1835 qnod
620 1793 769 1824 teneant
789 1788 866 1823 dno
886 1787 1012 1824 clerici
1030 1787 1074 1823 in
1091 1787 1375 1835 supeopelliceis.

191 1841 420 1878 Notandum
448 1847 500 1878 est
528 1841 640 1889 qaod,
661 1841 696 1877 si
723 1841 784 1877 vir
811 1847 881 1877 ant
909 1840 1049 1877 mulier
1077 1855 1160 1877 una
1188 1841 1263 1877 vice
1296 1841 1374 1877 sint
1408 1842 1599 1887 benedicti,
1621 1856 1696 1879 11011,

111 1895 240 1932 debent
258 1896 398 1932 iterum
419 1909 443 1932 a
462 1894 660 1931 Sacerdote
686 1895 860 1931 benedici.
920 1895 1069 1931 Eorum
1089 1895 1292 1931 benedictio
1316 1909 1393 1931 non
1421 1896 1523 1932 debet
1551 1896 1697 1938 iterari,

108 1950 205 1997 quia
233 1963 320 1986 caro
349 1949 541 1986 benedicta
571 1949 690 1985 trahit
718 1949 772 1985 ad
797 1962 833 1985 se
861 1962 1012 1985 carnem
1035 1962 1113 1985 non
1141 1949 1384 1994 benedictam,
1407 1955 1439 1985 et
1459 1949 1502 1985 in.
1523 1950 1635 1986 titulo
1655 1952 1699 1986 dn

109 2003 286 2040 secundis
317 2003 467 2052 nuptiis
499 2002 704 2039 inhibitam
736 2008 788 2039 est
821 2008 853 2039 et
879 2015 952 2050 per
983 2002 1183 2048 decretam,
1206 2016 1252 2039 ne
1281 2003 1484 2040 benedictio
1515 2004 1628 2040 detur
1657 2005 1697 2040 in

108 2057 284 2093 secundis
320 2057 479 2105 nuptiis.
548 2056 624 2093 Sed
652 2056 686 2092 si
703 2055 849 2104 forsan
886 2055 982 2092 (dier
1018 2069 1147 2092 eorum
1183 2056 1243 2092 vel
1277 2057 1386 2092 ambo
1423 2057 1476 2093 ad
1513 2058 1699 2094 secundas

107 2111 268 2159 nuptias
286 2115 524 2147 transeuntes
543 2110 586 2146 ‘in
598 2110 755 2158 primas
779 2110 960 2146 benedicti
983 2123 1062 2146 non
1073 2110 1242 2157 fuerint,
1265 2109 1398 2147 danda
1423 2111 1495 2147 erit
1519 2111 1571 2147 eis
1599 2112 1685 2148 bene

107 2164 223 2201 dictio
242 2164 286 2200 in
304 2164 489 2200 secundis.

190 2217 332 2254 Oratio.
414 2221 416 2223 ’

187 2271 419 2320 Propitiare,
438 2271 618 2315 Domine,
635 2270 982 2319 supplicationibus
1002 2269 1157 2315 nostris,
1174 2274 1213 2306 et
1232 2269 1426 2308 institutis
1440 2271 1531 2318 tuis,
1554 2273 1696 2321 quibus

105 2325 423 2375 propagationem
452 2325 614 2360 humani
641 2324 792 2373 generis
820 2324 1019 2370 ordinasti,
1046 2324 1235 2373 benignus
1263 2325 1398 2362 assiste
1413 2339 1422 2371 3
1451 2330 1496 2361 ut
1525 2326 1627 2374 quod
1656 2331 1695 2362 te

104 2382 261 2416 auctore
293 2379 488 2428 jungitur,
531 2382 570 2415 te
607 2378 825 2415 auxiliante
863 2382 1049 2416 servetur.
1125 2378 1203 2415 Per
1236 2378 1437 2416 Christum
1479 2379 1695 2417 Dominum

103 2438 291 2470 nostrum.
349 2434 491 2470 Amen.

184 2486 358 2524 Oremus.

185 2540 328 2577 Oratio.

185 2593 304 2640 Deus,
327 2593 395 2642 qui
414 2597 606 2642 potestate
625 2593 784 2629 virtutis
804 2597 882 2629 tuae
899 2593 945 2629 (10
964 2593 1088 2630 nihilo
1108 2597 1247 2630 cuncta
1271 2594 1397 2630 fecisti
1411 2608 1419 2640 3
1449 2595 1517 2643 qui
1536 2595 1694 2644 disposi-

104 2647 156 2683 tis
187 2648 455 2684 universitatis
488 2647 669 2693 exordiis,
691 2647 842 2683 homini
866 2647 914 2683 ad
943 2647 1153 2696 imaginem
1184 2647 1261 2684 Dei
1284 2648 1386 2684 facto
1411 2649 1498 2684 ideo
1523 2649 1693 2698 insepar-

102 2701 203 2737 abile
230 2701 404 2738 mulieris
433 2701 492 2750 adj
502 2701 672 2737 utorium
701 2700 919 2745 condidisti,
941 2705 986 2736 ut
1013 2701 1180 2737 femineo
1208 2702 1360 2750 corpori
1388 2702 1434 2738 de
1454 2702 1562 2738 virili
1581 2703 1692 2739 dares

103 2767 215 2791 carne
245 2755 510 2804 principium,
542 2755 693 2800 docens,
724 2755 827 2803 quod
858 2767 907 2790 ex
939 2768 1017 2790 uno
1048 2755 1255 2803 placuisset
1288 2756 1454 2801 institui,
1488 2769 1691 2805 nunquam

103 2808 219 2844 licere
238 2808 429 2858 disjungi:
461 2808 579 2854 Deus,
601 2808 669 2857 qui
698 2812 777 2844 tam
804 2807 1011 2844 excellenti
1036 2809 1221 2857 mysterio
1247 2810 1484 2858 conjugalem
1513 2811 1691 2858 copulam

102 2862 342 2911 consecrasti,
364 2867 410 2898 ut
429 2862 576 2899 Christi
607 2866 647 2898 et
680 2861 859 2898 Ecclesiae
892 2866 1175 2898 sacramentum
1208 2864 1460 2912 praesignares
1489 2863 1530 2899 in
1550 2864 1691 2900 foedere

101 2915 352 2965 nuptiarum:
390 2916 510 2964 Deus,
541 2929 610 2965 per
639 2929 753 2966 quem
784 2915 925 2952 mulier
952 2915 1135 2966 jungitur
1166 2917 1264 2964 viro,
1290 2923 1329 2954 et
1357 2917 1519 2954 societas
1551 2917 1693 2966 princi-
