<?xml version="1.0" encoding="UTF-8"?>
<!DOCTYPE html PUBLIC "-//W3C//DTD XHTML 1.0 Transitional//EN"
    "http://www.w3.org/TR/xhtml1/DTD/xhtml1-transitional.dtd">
<html xmlns="http://www.w3.org/1999/xhtml" xml:lang="en" lang="en">
 <head>
  <title>
</title>
<meta http-equiv="Content-Type" content="text/html;charset=utf-8" />
  <meta name='ocr-system' content='tesseract 3.04.00' />
  <meta name='ocr-capabilities' content='ocr_page ocr_carea ocr_par ocr_line ocrx_word'/>
</head>
<body>
  <div class='ocr_page' id='page_1' title='image "./missaleadusumins02cath_0251.png"; bbox 0 0 1979 3348; ppageno 0'>
   <div class='ocr_carea' id='block_1_1' title="bbox 737 212 1723 262">
    <p class='ocr_par' dir='ltr' id='par_1_1' title="bbox 737 212 1723 262">
     <span class='ocr_line' id='line_1_1' title="bbox 737 212 1723 262; baseline 0.007 -8"><span class='ocrx_word' id='word_1_1' title='bbox 737 212 926 255; x_wconf 74' lang='lat' dir='ltr'>C&#39;auteloe</span> <span class='ocrx_word' id='word_1_2' title='bbox 956 213 1113 256; x_wconf 69' lang='lat' dir='ltr'>Missae.</span> <span class='ocrx_word' id='word_1_3' title='bbox 1641 222 1723 262; x_wconf 79' lang='lat'>223</span> 
     </span>
    </p>
   </div>
   <div class='ocr_carea' id='block_1_2' title="bbox 97 323 1722 2952">
    <p class='ocr_par' dir='ltr' id='par_1_2' title="bbox 117 323 1722 1231">
     <span class='ocr_line' id='line_1_2' title="bbox 129 323 1722 374; baseline 0.003 -12"><span class='ocrx_word' id='word_1_4' title='bbox 129 338 239 365; x_wconf 83' lang='lat' dir='ltr'>suam</span> <span class='ocrx_word' id='word_1_5' title='bbox 257 337 326 374; x_wconf 89' lang='lat' dir='ltr'>per</span> <span class='ocrx_word' id='word_1_6' title='bbox 344 336 483 374; x_wconf 83' lang='lat' dir='ltr'>puram</span> <span class='ocrx_word' id='word_1_7' title='bbox 497 323 775 360; x_wconf 86' lang='lat' dir='ltr'>confessionem</span> <span class='ocrx_word' id='word_1_8' title='bbox 791 324 936 373; x_wconf 90' lang='lat' dir='ltr'>optime</span> <span class='ocrx_word' id='word_1_9' title='bbox 951 328 1152 374; x_wconf 75' lang='lat' dir='ltr'>praeparet,</span> <span class='ocrx_word' id='word_1_10' title='bbox 1171 329 1457 362; x_wconf 85' lang='lat' dir='ltr'>sacramentum</span> <span class='ocrx_word' id='word_1_11' title='bbox 1472 326 1722 366; x_wconf 81' lang='lat' dir='ltr'>vehementer</span> 
     </span>
     <span class='ocr_line' id='line_1_3' title="bbox 127 377 1720 429; baseline 0.002 -13"><span class='ocrx_word' id='word_1_12' title='bbox 127 379 331 425; x_wconf 87' lang='lat' dir='ltr'>desideret,</span> <span class='ocrx_word' id='word_1_13' title='bbox 367 381 407 414; x_wconf 91' lang='lat' dir='ltr'>et</span> <span class='ocrx_word' id='word_1_14' title='bbox 439 377 624 414; x_wconf 88' lang='lat' dir='ltr'>conficere</span> <span class='ocrx_word' id='word_1_15' title='bbox 662 377 853 414; x_wconf 85' lang='lat' dir='ltr'>intendat.</span> <span class='ocrx_word' id='word_1_16' title='bbox 923 378 962 415; x_wconf 88' lang='lat' dir='ltr'>N</span> <span class='ocrx_word' id='word_1_17' title='bbox 967 379 1114 414; x_wconf 87' lang='lat' dir='ltr'>otulam</span> <span class='ocrx_word' id='word_1_18' title='bbox 1148 378 1195 414; x_wconf 88' lang='lat' dir='ltr'>de</span> <span class='ocrx_word' id='word_1_19' title='bbox 1232 378 1346 415; x_wconf 88' lang='lat' dir='ltr'>modo</span> <span class='ocrx_word' id='word_1_20' title='bbox 1383 380 1523 429; x_wconf 84' lang='lat' dir='ltr'>agendi</span> <span class='ocrx_word' id='word_1_21' title='bbox 1553 382 1720 420; x_wconf 87' lang='lat' dir='ltr'>officium</span> 
     </span>
     <span class='ocr_line' id='line_1_4' title="bbox 127 431 1718 481; baseline 0.003 -12"><span class='ocrx_word' id='word_1_22' title='bbox 127 433 351 469; x_wconf 88' lang='lat' dir='ltr'>memoriter</span> <span class='ocrx_word' id='word_1_23' title='bbox 377 435 418 468; x_wconf 91' lang='grc'>615</span> <span class='ocrx_word' id='word_1_24' title='bbox 444 431 542 467; x_wconf 90' lang='lat' dir='ltr'>bene</span> <span class='ocrx_word' id='word_1_25' title='bbox 574 431 679 467; x_wconf 84' lang='lat' dir='ltr'>sciat.</span> <span class='ocrx_word' id='word_1_26' title='bbox 739 431 882 468; x_wconf 84' lang='lat' dir='ltr'>Gestus</span> <span class='ocrx_word' id='word_1_27' title='bbox 909 431 1021 468; x_wconf 80' lang='lat' dir='ltr'>valde</span> <span class='ocrx_word' id='word_1_28' title='bbox 1049 432 1281 481; x_wconf 85' lang='lat' dir='ltr'>compositos</span> <span class='ocrx_word' id='word_1_29' title='bbox 1308 446 1351 469; x_wconf 86' lang='lat' dir='ltr'>ac</span> <span class='ocrx_word' id='word_1_30' title='bbox 1379 433 1538 470; x_wconf 80' lang='lat' dir='ltr'>devotos</span> <span class='ocrx_word' id='word_1_31' title='bbox 1566 435 1718 474; x_wconf 86' lang='lat' dir='ltr'>habeat.</span> 
     </span>
     <span class='ocr_line' id='line_1_5' title="bbox 128 484 1719 537; baseline 0.002 -14"><span class='ocrx_word' id='word_1_32' title='bbox 128 486 227 523; x_wconf 87' lang='lat' dir='ltr'>Cum</span> <span class='ocrx_word' id='word_1_33' title='bbox 247 486 351 522; x_wconf 87' lang='lat' dir='ltr'>enim</span> <span class='ocrx_word' id='word_1_34' title='bbox 370 484 537 534; x_wconf 87' lang='lat' dir='ltr'>quilibet</span> <span class='ocrx_word' id='word_1_35' title='bbox 557 488 737 521; x_wconf 88' lang='lat' dir='ltr'>teneatur</span> <span class='ocrx_word' id='word_1_36' title='bbox 757 484 885 521; x_wconf 81' lang='lat' dir='ltr'>Deum</span> <span class='ocrx_word' id='word_1_37' title='bbox 905 485 1065 534; x_wconf 88' lang='lat' dir='ltr'>diligere</span> <span class='ocrx_word' id='word_1_38' title='bbox 1085 499 1135 522; x_wconf 80' lang='lat' dir='ltr'>ex</span> <span class='ocrx_word' id='word_1_39' title='bbox 1154 490 1238 522; x_wconf 89' lang='lat' dir='ltr'>toto</span> <span class='ocrx_word' id='word_1_40' title='bbox 1259 486 1381 532; x_wconf 86' lang='lat' dir='ltr'>corde,</span> <span class='ocrx_word' id='word_1_41' title='bbox 1405 500 1453 523; x_wconf 80' lang='lat' dir='ltr'>ex</span> <span class='ocrx_word' id='word_1_42' title='bbox 1474 492 1558 524; x_wconf 85' lang='lat' dir='ltr'>tota</span> <span class='ocrx_word' id='word_1_43' title='bbox 1577 490 1719 537; x_wconf 82' lang='lat' dir='ltr'>anima,</span> 
     </span>
     <span class='ocr_line' id='line_1_6' title="bbox 125 538 1719 589; baseline 0.003 -13"><span class='ocrx_word' id='word_1_44' title='bbox 125 543 166 576; x_wconf 87' lang='lat' dir='ltr'>et</span> <span class='ocrx_word' id='word_1_45' title='bbox 185 553 233 575; x_wconf 78' lang='lat' dir='ltr'>ex</span> <span class='ocrx_word' id='word_1_46' title='bbox 253 539 348 576; x_wconf 92' lang='lat' dir='ltr'>totis</span> <span class='ocrx_word' id='word_1_47' title='bbox 368 539 517 575; x_wconf 88' lang='lat' dir='ltr'>viribus</span> <span class='ocrx_word' id='word_1_48' title='bbox 537 539 640 584; x_wconf 81' lang='lat' dir='ltr'>suis3</span> <span class='ocrx_word' id='word_1_49' title='bbox 669 538 732 574; x_wconf 90' lang='lat' dir='ltr'>hic</span> <span class='ocrx_word' id='word_1_50' title='bbox 761 538 890 574; x_wconf 89' lang='lat' dir='ltr'>Deum</span> <span class='ocrx_word' id='word_1_51' title='bbox 919 539 1077 587; x_wconf 86' lang='lat' dir='ltr'>diligere</span> <span class='ocrx_word' id='word_1_52' title='bbox 1105 552 1186 575; x_wconf 90' lang='lat' dir='ltr'>non</span> <span class='ocrx_word' id='word_1_53' title='bbox 1215 540 1412 588; x_wconf 86' lang='lat' dir='ltr'>probatur,</span> <span class='ocrx_word' id='word_1_54' title='bbox 1437 541 1505 589; x_wconf 86' lang='lat' dir='ltr'>qui</span> <span class='ocrx_word' id='word_1_55' title='bbox 1525 542 1567 578; x_wconf 88' lang='lat' dir='ltr'>in</span> <span class='ocrx_word' id='word_1_56' title='bbox 1588 555 1719 580; x_wconf 83' lang='lat' dir='ltr'>mensa</span> 
     </span>
     <span class='ocr_line' id='line_1_7' title="bbox 123 591 1719 646; baseline 0.002 -16"><span class='ocrx_word' id='word_1_57' title='bbox 123 593 277 630; x_wconf 79' lang='lat' dir='ltr'>Altaris</span> <span class='ocrx_word' id='word_1_58' title='bbox 296 593 364 629; x_wconf 87' lang='lat' dir='ltr'>ubi</span> <span class='ocrx_word' id='word_1_59' title='bbox 384 592 472 628; x_wconf 78' lang='lat' dir='ltr'>Rex</span> <span class='ocrx_word' id='word_1_60' title='bbox 491 605 626 640; x_wconf 87' lang='lat' dir='ltr'>regum</span> <span class='ocrx_word' id='word_1_61' title='bbox 641 596 681 628; x_wconf 90' lang='lat' dir='ltr'>et</span> <span class='ocrx_word' id='word_1_62' title='bbox 695 591 887 628; x_wconf 80' lang='lat' dir='ltr'>Dominus</span> <span class='ocrx_word' id='word_1_63' title='bbox 902 593 1077 629; x_wconf 84' lang='lat' dir='ltr'>omnium</span> <span class='ocrx_word' id='word_1_64' title='bbox 1097 597 1290 629; x_wconf 85' lang='lat' dir='ltr'>tractatur</span> <span class='ocrx_word' id='word_1_65' title='bbox 1309 598 1348 629; x_wconf 88' lang='lat' dir='ltr'>et</span> <span class='ocrx_word' id='word_1_66' title='bbox 1368 596 1548 641; x_wconf 87' lang='lat' dir='ltr'>sumitur,</span> <span class='ocrx_word' id='word_1_67' title='bbox 1571 596 1719 646; x_wconf 88' lang='lat' dir='ltr'>irrelig-</span> 
     </span>
     <span class='ocr_line' id='line_1_8' title="bbox 123 645 1715 698; baseline 0.003 -15"><span class='ocrx_word' id='word_1_68' title='bbox 123 647 236 692; x_wconf 89' lang='lat' dir='ltr'>iosus,</span> <span class='ocrx_word' id='word_1_69' title='bbox 259 646 477 691; x_wconf 71' lang='lat' dir='ltr'>indevotus,</span> <span class='ocrx_word' id='word_1_70' title='bbox 495 645 726 694; x_wconf 86' lang='lat' dir='ltr'>impudicus,</span> <span class='ocrx_word' id='word_1_71' title='bbox 743 645 964 691; x_wconf 71' lang='lat' dir='ltr'>distractus,</span> <span class='ocrx_word' id='word_1_72' title='bbox 987 659 1118 694; x_wconf 87' lang='lat' dir='ltr'>vagus,</span> <span class='ocrx_word' id='word_1_73' title='bbox 1141 651 1210 682; x_wconf 87' lang='lat' dir='ltr'>aut</span> <span class='ocrx_word' id='word_1_74' title='bbox 1239 646 1451 684; x_wconf 85' lang='lat' dir='ltr'>desidiosus</span> <span class='ocrx_word' id='word_1_75' title='bbox 1479 651 1715 698; x_wconf 80' lang='lat' dir='ltr'>apparuerit.</span> 
     </span>
     <span class='ocr_line' id='line_1_9' title="bbox 122 699 1718 751; baseline 0.003 -15"><span class='ocrx_word' id='word_1_76' title='bbox 122 700 321 737; x_wconf 86' lang='lat' dir='ltr'>Attendat</span> <span class='ocrx_word' id='word_1_77' title='bbox 340 700 462 749; x_wconf 86' lang='lat' dir='ltr'>igitur</span> <span class='ocrx_word' id='word_1_78' title='bbox 481 699 747 748; x_wconf 87' lang='lat' dir='ltr'>unusquisque</span> <span class='ocrx_word' id='word_1_79' title='bbox 767 699 870 747; x_wconf 86' lang='lat' dir='ltr'>quod</span> <span class='ocrx_word' id='word_1_80' title='bbox 890 699 939 735; x_wconf 86' lang='lat' dir='ltr'>ad</span> <span class='ocrx_word' id='word_1_81' title='bbox 958 712 1131 735; x_wconf 86' lang='lat' dir='ltr'>mensam</span> <span class='ocrx_word' id='word_1_82' title='bbox 1160 713 1341 749; x_wconf 87' lang='lat' dir='ltr'>magnam</span> <span class='ocrx_word' id='word_1_83' title='bbox 1361 701 1503 739; x_wconf 83' lang='lat' dir='ltr'>sedeat.</span> <span class='ocrx_word' id='word_1_84' title='bbox 1563 704 1718 751; x_wconf 80' lang='lat' dir='ltr'>Cogitet</span> 
     </span>
     <span class='ocr_line' id='line_1_10' title="bbox 124 751 1717 804; baseline 0.004 -15"><span class='ocrx_word' id='word_1_85' title='bbox 124 754 294 803; x_wconf 76' lang='lat' dir='ltr'>qualiter</span> <span class='ocrx_word' id='word_1_86' title='bbox 326 766 415 790; x_wconf 87' lang='lat' dir='ltr'>eum</span> <span class='ocrx_word' id='word_1_87' title='bbox 446 753 656 802; x_wconf 74' lang='lat' dir='ltr'>praeparari</span> <span class='ocrx_word' id='word_1_88' title='bbox 685 756 872 800; x_wconf 82' lang='lat' dir='ltr'>oporteat.</span> <span class='ocrx_word' id='word_1_89' title='bbox 937 751 998 788; x_wconf 82' lang='lat' dir='ltr'>Sit</span> <span class='ocrx_word' id='word_1_90' title='bbox 1025 758 1162 789; x_wconf 87' lang='lat' dir='ltr'>cautus</span> <span class='ocrx_word' id='word_1_91' title='bbox 1190 758 1230 790; x_wconf 91' lang='lat' dir='ltr'>et</span> <span class='ocrx_word' id='word_1_92' title='bbox 1259 755 1570 804; x_wconf 68' lang='lat' dir='ltr'>circumspectus</span> <span class='ocrx_word' id='word_1_93' title='bbox 1630 758 1717 795; x_wconf 76' lang='lat' dir='ltr'>Stet</span> 
     </span>
     <span class='ocr_line' id='line_1_11' title="bbox 123 805 1716 856; baseline 0.004 -14"><span class='ocrx_word' id='word_1_94' title='bbox 123 812 272 844; x_wconf 83' lang='lat' dir='ltr'>erectus</span> <span class='ocrx_word' id='word_1_95' title='bbox 285 820 296 855; x_wconf 78' lang='lat'><em>3</em></span> <span class='ocrx_word' id='word_1_96' title='bbox 342 820 421 843; x_wconf 90' lang='lat' dir='ltr'>non</span> <span class='ocrx_word' id='word_1_97' title='bbox 451 807 586 855; x_wconf 84' lang='lat' dir='ltr'>jacens</span> <span class='ocrx_word' id='word_1_98' title='bbox 622 806 665 842; x_wconf 89' lang='lat' dir='ltr'>in</span> <span class='ocrx_word' id='word_1_99' title='bbox 701 805 845 842; x_wconf 85' lang='lat' dir='ltr'>Altari.</span> <span class='ocrx_word' id='word_1_100' title='bbox 919 805 1081 842; x_wconf 85' lang='lat' dir='ltr'>Cubitos</span> <span class='ocrx_word' id='word_1_101' title='bbox 1122 807 1264 856; x_wconf 83' lang='lat' dir='ltr'>jungat</span> <span class='ocrx_word' id='word_1_102' title='bbox 1301 807 1499 847; x_wconf 85' lang='lat' dir='ltr'>lateribus.</span> <span class='ocrx_word' id='word_1_103' title='bbox 1571 810 1716 849; x_wconf 85' lang='lat' dir='ltr'>Manus</span> 
     </span>
     <span class='ocr_line' id='line_1_12' title="bbox 121 859 1713 909; baseline 0.004 -13"><span class='ocrx_word' id='word_1_104' title='bbox 121 861 281 908; x_wconf 80' lang='lat' dir='ltr'>exaltet,</span> <span class='ocrx_word' id='word_1_105' title='bbox 304 865 349 897; x_wconf 89' lang='lat' dir='ltr'>ut</span> <span class='ocrx_word' id='word_1_106' title='bbox 368 860 636 897; x_wconf 69' lang='lat' dir='ltr'>extremitates</span> <span class='ocrx_word' id='word_1_107' title='bbox 667 859 878 908; x_wconf 83' lang='lat' dir='ltr'>digitorum</span> <span class='ocrx_word' id='word_1_108' title='bbox 907 859 1103 896; x_wconf 87' lang='lat' dir='ltr'>modicum</span> <span class='ocrx_word' id='word_1_109' title='bbox 1133 874 1249 909; x_wconf 89' lang='lat' dir='ltr'>super</span> <span class='ocrx_word' id='word_1_110' title='bbox 1282 861 1463 898; x_wconf 88' lang='lat' dir='ltr'>humeros</span> <span class='ocrx_word' id='word_1_111' title='bbox 1493 863 1713 902; x_wconf 83' lang='lat' dir='ltr'>videantur.</span> 
     </span>
     <span class='ocr_line' id='line_1_13' title="bbox 121 913 1713 967; baseline 0.003 -17"><span class='ocrx_word' id='word_1_112' title='bbox 121 914 374 952; x_wconf 84' lang='lat' dir='ltr'>Intellectum</span> <span class='ocrx_word' id='word_1_113' title='bbox 404 913 524 962; x_wconf 83' lang='lat' dir='ltr'>signis</span> <span class='ocrx_word' id='word_1_114' title='bbox 554 917 593 949; x_wconf 90' lang='lat' dir='ltr'>et</span> <span class='ocrx_word' id='word_1_115' title='bbox 623 913 751 949; x_wconf 90' lang='lat' dir='ltr'>verbis</span> <span class='ocrx_word' id='word_1_116' title='bbox 781 916 945 962; x_wconf 86' lang='lat' dir='ltr'>coaptet,</span> <span class='ocrx_word' id='word_1_117' title='bbox 969 914 1154 962; x_wconf 88' lang='lat' dir='ltr'>quoniam</span> <span class='ocrx_word' id='word_1_118' title='bbox 1183 928 1324 963; x_wconf 85' lang='lat' dir='ltr'>magna</span> <span class='ocrx_word' id='word_1_119' title='bbox 1353 915 1479 952; x_wconf 85' lang='lat' dir='ltr'>latent</span> <span class='ocrx_word' id='word_1_120' title='bbox 1508 917 1549 953; x_wconf 89' lang='lat' dir='ltr'>in</span> <span class='ocrx_word' id='word_1_121' title='bbox 1582 918 1713 967; x_wconf 86' lang='lat' dir='ltr'>signis,</span> 
     </span>
     <span class='ocr_line' id='line_1_14' title="bbox 120 967 1715 1020; baseline 0.003 -16"><span class='ocrx_word' id='word_1_122' title='bbox 120 970 268 1017; x_wconf 69' lang='lat' dir='ltr'>majora.</span> <span class='ocrx_word' id='word_1_123' title='bbox 299 969 342 1004; x_wconf 89' lang='lat' dir='ltr'>in</span> <span class='ocrx_word' id='word_1_124' title='bbox 374 967 515 1013; x_wconf 86' lang='lat' dir='ltr'>verbis,</span> <span class='ocrx_word' id='word_1_125' title='bbox 544 967 717 1003; x_wconf 79' lang='lat' dir='ltr'>maxima</span> <span class='ocrx_word' id='word_1_126' title='bbox 749 967 791 1003; x_wconf 87' lang='lat' dir='ltr'>in</span> <span class='ocrx_word' id='word_1_127' title='bbox 821 967 1050 1003; x_wconf 89' lang='lat' dir='ltr'>intentione.</span> <span class='ocrx_word' id='word_1_128' title='bbox 1108 967 1201 1004; x_wconf 86' lang='lat' dir='ltr'>Tres</span> <span class='ocrx_word' id='word_1_129' title='bbox 1233 969 1373 1018; x_wconf 82' lang='lat' dir='ltr'>digitos</span> <span class='ocrx_word' id='word_1_130' title='bbox 1400 970 1545 1019; x_wconf 83' lang='lat' dir='ltr'>jungat</span> <span class='ocrx_word' id='word_1_131' title='bbox 1574 972 1715 1020; x_wconf 85' lang='lat' dir='ltr'>quibus</span> 
     </span>
     <span class='ocr_line' id='line_1_15' title="bbox 119 1020 1714 1071; baseline 0.003 -13"><span class='ocrx_word' id='word_1_132' title='bbox 119 1022 229 1070; x_wconf 80' lang='lat' dir='ltr'>signa</span> <span class='ocrx_word' id='word_1_133' title='bbox 248 1022 375 1067; x_wconf 88' lang='lat' dir='ltr'>faciat,</span> <span class='ocrx_word' id='word_1_134' title='bbox 397 1020 566 1070; x_wconf 85' lang='lat' dir='ltr'>reliquos</span> <span class='ocrx_word' id='word_1_135' title='bbox 586 1021 681 1056; x_wconf 87' lang='lat' dir='ltr'>duos</span> <span class='ocrx_word' id='word_1_136' title='bbox 709 1020 752 1056; x_wconf 90' lang='lat' dir='ltr'>in</span> <span class='ocrx_word' id='word_1_137' title='bbox 781 1033 900 1056; x_wconf 89' lang='lat' dir='ltr'>manu</span> <span class='ocrx_word' id='word_1_138' title='bbox 920 1026 1134 1069; x_wconf 82' lang='lat' dir='ltr'>componat.</span> <span class='ocrx_word' id='word_1_139' title='bbox 1195 1022 1314 1071; x_wconf 78' lang='lat' dir='ltr'>Signa</span> <span class='ocrx_word' id='word_1_140' title='bbox 1333 1023 1451 1060; x_wconf 80' lang='lat' dir='ltr'>faciat</span> <span class='ocrx_word' id='word_1_141' title='bbox 1470 1024 1615 1062; x_wconf 83' lang='lat' dir='ltr'>directe</span> <span class='ocrx_word' id='word_1_142' title='bbox 1633 1039 1714 1063; x_wconf 90' lang='lat' dir='ltr'>non</span> 
     </span>
     <span class='ocr_line' id='line_1_16' title="bbox 117 1074 1712 1124; baseline 0.003 -13"><span class='ocrx_word' id='word_1_143' title='bbox 117 1076 286 1124; x_wconf 84' lang='lat' dir='ltr'>oblique,</span> <span class='ocrx_word' id='word_1_144' title='bbox 312 1075 391 1111; x_wconf 85' lang='lat' dir='ltr'>alte</span> <span class='ocrx_word' id='word_1_145' title='bbox 410 1075 504 1111; x_wconf 86' lang='lat' dir='ltr'>satis</span> <span class='ocrx_word' id='word_1_146' title='bbox 523 1087 572 1110; x_wconf 89' lang='lat' dir='ltr'>ne</span> <span class='ocrx_word' id='word_1_147' title='bbox 591 1074 748 1110; x_wconf 79' lang='lat' dir='ltr'>calicem</span> <span class='ocrx_word' id='word_1_148' title='bbox 768 1078 917 1110; x_wconf 81' lang='lat' dir='ltr'>everset</span> <span class='ocrx_word' id='word_1_149' title='bbox 936 1088 943 1110; x_wconf 90' lang='lat'>:</span> <span class='ocrx_word' id='word_1_150' title='bbox 972 1087 1052 1111; x_wconf 89' lang='grc'>11011</span> <span class='ocrx_word' id='word_1_151' title='bbox 1082 1075 1244 1111; x_wconf 89' lang='lat' dir='ltr'>circulos</span> <span class='ocrx_word' id='word_1_152' title='bbox 1263 1089 1333 1124; x_wconf 88' lang='lat' dir='ltr'>pro</span> <span class='ocrx_word' id='word_1_153' title='bbox 1352 1078 1540 1115; x_wconf 87' lang='lat' dir='ltr'>crucibus.</span> <span class='ocrx_word' id='word_1_154' title='bbox 1613 1078 1712 1116; x_wconf 86' lang='lat' dir='ltr'>Cum</span> 
     </span>
     <span class='ocr_line' id='line_1_17' title="bbox 117 1128 1713 1177; baseline 0.003 -12"><span class='ocrx_word' id='word_1_155' title='bbox 117 1142 209 1166; x_wconf 87' lang='lat' dir='ltr'>vero</span> <span class='ocrx_word' id='word_1_156' title='bbox 230 1129 498 1166; x_wconf 89' lang='lat' dir='ltr'>inclinandum</span> <span class='ocrx_word' id='word_1_157' title='bbox 517 1128 602 1174; x_wconf 87' lang='lat' dir='ltr'>erit,</span> <span class='ocrx_word' id='word_1_158' title='bbox 624 1141 703 1164; x_wconf 86' lang='lat' dir='ltr'>non</span> <span class='ocrx_word' id='word_1_159' title='bbox 723 1128 878 1177; x_wconf 85' lang='lat' dir='ltr'>oblique</span> <span class='ocrx_word' id='word_1_160' title='bbox 897 1128 963 1164; x_wconf 86' lang='lat' dir='ltr'>sed</span> <span class='ocrx_word' id='word_1_161' title='bbox 982 1128 1127 1165; x_wconf 85' lang='lat' dir='ltr'>directe</span> <span class='ocrx_word' id='word_1_162' title='bbox 1147 1134 1237 1166; x_wconf 86' lang='lat' dir='ltr'>ante</span> <span class='ocrx_word' id='word_1_163' title='bbox 1258 1131 1409 1177; x_wconf 87' lang='lat' dir='ltr'>Altare,</span> <span class='ocrx_word' id='word_1_164' title='bbox 1426 1135 1508 1169; x_wconf 87' lang='lat' dir='ltr'>toto</span> <span class='ocrx_word' id='word_1_165' title='bbox 1528 1138 1713 1171; x_wconf 89' lang='lat' dir='ltr'>curvatus</span> 
     </span>
     <span class='ocr_line' id='line_1_18' title="bbox 117 1182 526 1231; baseline -0.002 -12"><span class='ocrx_word' id='word_1_166' title='bbox 117 1195 276 1231; x_wconf 87' lang='lat' dir='ltr'>corpore</span> <span class='ocrx_word' id='word_1_167' title='bbox 295 1196 334 1219; x_wconf 91' lang='lat' dir='ltr'>se</span> <span class='ocrx_word' id='word_1_168' title='bbox 354 1182 526 1219; x_wconf 87' lang='lat' dir='ltr'>inclinet.</span> 
     </span>
    </p>

    <p class='ocr_par' dir='ltr' id='par_1_3' title="bbox 103 1235 1711 2359">
     <span class='ocr_line' id='line_1_19' title="bbox 197 1235 1711 1288; baseline 0.003 -15"><span class='ocrx_word' id='word_1_169' title='bbox 197 1236 373 1273; x_wconf 85' lang='lat' dir='ltr'>Secunda</span> <span class='ocrx_word' id='word_1_170' title='bbox 392 1240 461 1282; x_wconf 88' lang='lat' dir='ltr'>est,</span> <span class='ocrx_word' id='word_1_171' title='bbox 483 1240 530 1272; x_wconf 91' lang='lat' dir='ltr'>ut</span> <span class='ocrx_word' id='word_1_172' title='bbox 549 1248 628 1271; x_wconf 89' lang='lat' dir='ltr'>non</span> <span class='ocrx_word' id='word_1_173' title='bbox 647 1239 759 1283; x_wconf 89' lang='lat' dir='ltr'>putet</span> <span class='ocrx_word' id='word_1_174' title='bbox 779 1235 845 1272; x_wconf 89' lang='lat' dir='ltr'>sed</span> <span class='ocrx_word' id='word_1_175' title='bbox 865 1239 970 1272; x_wconf 85' lang='lat' dir='ltr'>certo</span> <span class='ocrx_word' id='word_1_176' title='bbox 990 1235 1087 1272; x_wconf 88' lang='lat' dir='ltr'>sciat</span> <span class='ocrx_word' id='word_1_177' title='bbox 1108 1249 1146 1273; x_wconf 86' lang='lat' dir='ltr'>se</span> <span class='ocrx_word' id='word_1_178' title='bbox 1167 1237 1318 1274; x_wconf 89' lang='lat' dir='ltr'>debitas</span> <span class='ocrx_word' id='word_1_179' title='bbox 1342 1239 1524 1276; x_wconf 88' lang='lat' dir='ltr'>materias</span> <span class='ocrx_word' id='word_1_180' title='bbox 1543 1240 1686 1278; x_wconf 85' lang='lat' dir='ltr'>habere</span> <span class='ocrx_word' id='word_1_181' title='bbox 1701 1255 1711 1288; x_wconf 84' lang='lat'>;</span> 
     </span>
     <span class='ocr_line' id='line_1_20' title="bbox 113 1289 1710 1344; baseline 0.003 -17"><span class='ocrx_word' id='word_1_182' title='bbox 113 1290 186 1326; x_wconf 91' lang='grc'>1100</span> <span class='ocrx_word' id='word_1_183' title='bbox 205 1295 263 1327; x_wconf 83' lang='lat' dir='ltr'>est</span> <span class='ocrx_word' id='word_1_184' title='bbox 281 1303 421 1340; x_wconf 86' lang='lat' dir='ltr'>panem</span> <span class='ocrx_word' id='word_1_185' title='bbox 441 1290 640 1326; x_wconf 83' lang='lat' dir='ltr'>triticeum</span> <span class='ocrx_word' id='word_1_186' title='bbox 666 1295 705 1325; x_wconf 88' lang='lat' dir='ltr'>et</span> <span class='ocrx_word' id='word_1_187' title='bbox 726 1289 864 1325; x_wconf 82' lang='lat' dir='ltr'>vinum</span> <span class='ocrx_word' id='word_1_188' title='bbox 893 1302 982 1325; x_wconf 89' lang='lat' dir='ltr'>cum</span> <span class='ocrx_word' id='word_1_189' title='bbox 1009 1302 1109 1338; x_wconf 77' lang='lat' dir='ltr'>aqua</span> <span class='ocrx_word' id='word_1_190' title='bbox 1139 1291 1297 1328; x_wconf 87' lang='lat' dir='ltr'>modica.</span> <span class='ocrx_word' id='word_1_191' title='bbox 1357 1292 1416 1328; x_wconf 90' lang='lat' dir='ltr'>De</span> <span class='ocrx_word' id='word_1_192' title='bbox 1436 1293 1529 1330; x_wconf 88' lang='lat' dir='ltr'>vino</span> <span class='ocrx_word' id='word_1_193' title='bbox 1549 1299 1589 1331; x_wconf 84' lang='lat' dir='ltr'>et</span> <span class='ocrx_word' id='word_1_194' title='bbox 1608 1308 1710 1344; x_wconf 85' lang='lat' dir='ltr'>aqua</span> 
     </span>
     <span class='ocr_line' id='line_1_21' title="bbox 112 1342 1710 1397; baseline 0.003 -17"><span class='ocrx_word' id='word_1_195' title='bbox 112 1344 260 1393; x_wconf 84' lang='lat' dir='ltr'>poterit</span> <span class='ocrx_word' id='word_1_196' title='bbox 289 1344 343 1380; x_wconf 89' lang='lat' dir='ltr'>sic</span> <span class='ocrx_word' id='word_1_197' title='bbox 373 1343 587 1380; x_wconf 86' lang='lat' dir='ltr'>certificari.</span> <span class='ocrx_word' id='word_1_198' title='bbox 645 1342 791 1391; x_wconf 87' lang='lat' dir='ltr'>Exigat</span> <span class='ocrx_word' id='word_1_199' title='bbox 819 1356 841 1379; x_wconf 83' lang='lat' dir='ltr'>a</span> <span class='ocrx_word' id='word_1_200' title='bbox 869 1343 1060 1389; x_wconf 86' lang='lat' dir='ltr'>ministro,</span> <span class='ocrx_word' id='word_1_201' title='bbox 1082 1348 1127 1380; x_wconf 90' lang='lat' dir='ltr'>ut</span> <span class='ocrx_word' id='word_1_202' title='bbox 1156 1350 1287 1393; x_wconf 79' lang='lat' dir='ltr'>gustet</span> <span class='ocrx_word' id='word_1_203' title='bbox 1315 1350 1397 1382; x_wconf 81' lang='lat' dir='ltr'>tam</span> <span class='ocrx_word' id='word_1_204' title='bbox 1425 1347 1562 1384; x_wconf 80' lang='lat' dir='ltr'>vinum</span> <span class='ocrx_word' id='word_1_205' title='bbox 1593 1362 1710 1397; x_wconf 89' lang='lat' dir='ltr'>quam</span> 
     </span>
     <span class='ocr_line' id='line_1_22' title="bbox 113 1397 1709 1447; baseline 0.003 -13"><span class='ocrx_word' id='word_1_206' title='bbox 113 1411 265 1447; x_wconf 81' lang='lat' dir='ltr'>aquam.</span> <span class='ocrx_word' id='word_1_207' title='bbox 325 1398 415 1447; x_wconf 87' lang='lat' dir='ltr'>Ipse</span> <span class='ocrx_word' id='word_1_208' title='bbox 447 1402 579 1434; x_wconf 82' lang='lat' dir='ltr'>autem</span> <span class='ocrx_word' id='word_1_209' title='bbox 610 1397 813 1445; x_wconf 76' lang='lat' dir='ltr'>presbyter</span> <span class='ocrx_word' id='word_1_210' title='bbox 841 1401 996 1445; x_wconf 86' lang='lat' dir='ltr'>gustare</span> <span class='ocrx_word' id='word_1_211' title='bbox 1029 1411 1108 1433; x_wconf 86' lang='grc'>11011</span> <span class='ocrx_word' id='word_1_212' title='bbox 1137 1398 1261 1435; x_wconf 89' lang='lat' dir='ltr'>debet.</span> <span class='ocrx_word' id='word_1_213' title='bbox 1322 1399 1487 1436; x_wconf 80' lang='lat' dir='ltr'>Guttam</span> <span class='ocrx_word' id='word_1_214' title='bbox 1507 1401 1647 1438; x_wconf 84' lang='lat' dir='ltr'>fundat</span> <span class='ocrx_word' id='word_1_215' title='bbox 1666 1403 1709 1440; x_wconf 85' lang='lat' dir='ltr'>in</span> 
     </span>
     <span class='ocr_line' id='line_1_23' title="bbox 112 1451 1707 1505; baseline 0.003 -17"><span class='ocrx_word' id='word_1_216' title='bbox 112 1464 273 1488; x_wconf 84' lang='lat' dir='ltr'>manum</span> <span class='ocrx_word' id='word_1_217' title='bbox 288 1465 298 1499; x_wconf 75' lang='lat'><em>3</em></span> <span class='ocrx_word' id='word_1_218' title='bbox 338 1452 460 1501; x_wconf 83' lang='lat' dir='ltr'>digito</span> <span class='ocrx_word' id='word_1_219' title='bbox 490 1455 604 1495; x_wconf 83' lang='lat' dir='ltr'>terat,</span> <span class='ocrx_word' id='word_1_220' title='bbox 626 1455 664 1487; x_wconf 90' lang='lat' dir='ltr'>et</span> <span class='ocrx_word' id='word_1_221' title='bbox 695 1451 809 1486; x_wconf 91' lang='lat' dir='ltr'>odore</span> <span class='ocrx_word' id='word_1_222' title='bbox 840 1451 893 1487; x_wconf 87' lang='lat' dir='ltr'>sic</span> <span class='ocrx_word' id='word_1_223' title='bbox 923 1451 998 1487; x_wconf 86' lang='lat' dir='ltr'>erit</span> <span class='ocrx_word' id='word_1_224' title='bbox 1029 1452 1178 1488; x_wconf 84' lang='lat' dir='ltr'>certior.</span> <span class='ocrx_word' id='word_1_225' title='bbox 1238 1452 1279 1488; x_wconf 87' lang='lat' dir='ltr'>N</span> <span class='ocrx_word' id='word_1_226' title='bbox 1282 1466 1332 1489; x_wconf 92' lang='lat' dir='ltr'>on</span> <span class='ocrx_word' id='word_1_227' title='bbox 1365 1455 1496 1490; x_wconf 85' lang='lat' dir='ltr'>credat</span> <span class='ocrx_word' id='word_1_228' title='bbox 1526 1456 1707 1505; x_wconf 67' lang='lat' dir='ltr'>ampullae</span> 
     </span>
     <span class='ocr_line' id='line_1_24' title="bbox 111 1504 1707 1554; baseline 0.003 -12"><span class='ocrx_word' id='word_1_229' title='bbox 111 1505 287 1554; x_wconf 73' lang='lat' dir='ltr'>signatae,</span> <span class='ocrx_word' id='word_1_230' title='bbox 322 1518 400 1541; x_wconf 91' lang='lat' dir='ltr'>non</span> <span class='ocrx_word' id='word_1_231' title='bbox 430 1504 558 1550; x_wconf 88' lang='lat' dir='ltr'>colori,</span> <span class='ocrx_word' id='word_1_232' title='bbox 593 1504 776 1553; x_wconf 87' lang='lat' dir='ltr'>quoniam</span> <span class='ocrx_word' id='word_1_233' title='bbox 807 1504 946 1553; x_wconf 80' lang='lat' dir='ltr'>saepius</span> <span class='ocrx_word' id='word_1_234' title='bbox 979 1504 1133 1541; x_wconf 81' lang='lat' dir='ltr'>fallunt.</span> <span class='ocrx_word' id='word_1_235' title='bbox 1203 1506 1350 1542; x_wconf 80' lang='lat' dir='ltr'>Videat</span> <span class='ocrx_word' id='word_1_236' title='bbox 1384 1508 1540 1545; x_wconf 80' lang='lat' dir='ltr'>calicem</span> <span class='ocrx_word' id='word_1_237' title='bbox 1574 1523 1623 1546; x_wconf 88' lang='lat' dir='ltr'>ne</span> <span class='ocrx_word' id='word_1_238' title='bbox 1656 1511 1707 1547; x_wconf 87' lang='lat' dir='ltr'>sit</span> 
     </span>
     <span class='ocr_line' id='line_1_25' title="bbox 112 1558 1705 1607; baseline 0.004 -13"><span class='ocrx_word' id='word_1_239' title='bbox 112 1559 268 1597; x_wconf 86' lang='lat' dir='ltr'>fractus.</span> <span class='ocrx_word' id='word_1_240' title='bbox 340 1559 568 1595; x_wconf 81' lang='lat' dir='ltr'>Consideret</span> <span class='ocrx_word' id='word_1_241' title='bbox 595 1558 732 1594; x_wconf 77' lang='lat' dir='ltr'>vinum</span> <span class='ocrx_word' id='word_1_242' title='bbox 747 1571 756 1604; x_wconf 80' lang='lat'><em>3</em></span> <span class='ocrx_word' id='word_1_243' title='bbox 786 1558 818 1594; x_wconf 89' lang='lat' dir='ltr'>si</span> <span class='ocrx_word' id='word_1_244' title='bbox 847 1562 905 1594; x_wconf 89' lang='lat' dir='ltr'>est</span> <span class='ocrx_word' id='word_1_245' title='bbox 933 1563 1140 1602; x_wconf 81' lang='lat' dir='ltr'>acetosum,</span> <span class='ocrx_word' id='word_1_246' title='bbox 1172 1560 1280 1596; x_wconf 88' lang='lat' dir='ltr'>nullo</span> <span class='ocrx_word' id='word_1_247' title='bbox 1310 1561 1423 1597; x_wconf 87' lang='lat' dir='ltr'>modo</span> <span class='ocrx_word' id='word_1_248' title='bbox 1452 1562 1643 1607; x_wconf 85' lang='lat' dir='ltr'>celebret;</span> <span class='ocrx_word' id='word_1_249' title='bbox 1673 1565 1705 1601; x_wconf 80' lang='lat' dir='ltr'>si</span> 
     </span>
     <span class='ocr_line' id='line_1_26' title="bbox 113 1611 1705 1660; baseline 0.003 -11"><span class='ocrx_word' id='word_1_250' title='bbox 113 1617 172 1649; x_wconf 85' lang='lat' dir='ltr'>est</span> <span class='ocrx_word' id='word_1_251' title='bbox 192 1611 381 1658; x_wconf 54' lang='lat' dir='ltr'>acidums*</span> <span class='ocrx_word' id='word_1_252' title='bbox 401 1611 642 1657; x_wconf 78' lang='lat' dir='ltr'>dissimulet3</span> <span class='ocrx_word' id='word_1_253' title='bbox 672 1612 705 1648; x_wconf 88' lang='lat' dir='ltr'>si</span> <span class='ocrx_word' id='word_1_254' title='bbox 732 1612 848 1647; x_wconf 83' lang='lat' dir='ltr'>nimis</span> <span class='ocrx_word' id='word_1_255' title='bbox 877 1625 1076 1660; x_wconf 84' lang='lat' dir='ltr'>aquosum,</span> <span class='ocrx_word' id='word_1_256' title='bbox 1105 1613 1310 1660; x_wconf 80' lang='lat' dir='ltr'>abstineat,</span> <span class='ocrx_word' id='word_1_257' title='bbox 1339 1615 1415 1650; x_wconf 89' lang='lat' dir='ltr'>nisi</span> <span class='ocrx_word' id='word_1_258' title='bbox 1443 1616 1541 1652; x_wconf 80' lang='lat' dir='ltr'>sciat</span> <span class='ocrx_word' id='word_1_259' title='bbox 1566 1617 1705 1654; x_wconf 74' lang='lat' dir='ltr'>vinum</span> 
     </span>
     <span class='ocr_line' id='line_1_27' title="bbox 110 1665 1705 1720; baseline 0.004 -18"><span class='ocrx_word' id='word_1_260' title='bbox 110 1679 220 1716; x_wconf 82' lang='lat' dir='ltr'>aquae</span> <span class='ocrx_word' id='word_1_261' title='bbox 253 1666 473 1716; x_wconf 84' lang='lat' dir='ltr'>praevalere.</span> <span class='ocrx_word' id='word_1_262' title='bbox 533 1665 586 1701; x_wconf 91' lang='lat' dir='ltr'>Et</span> <span class='ocrx_word' id='word_1_263' title='bbox 615 1666 657 1701; x_wconf 87' lang='lat' dir='ltr'>in</span> <span class='ocrx_word' id='word_1_264' title='bbox 691 1666 799 1701; x_wconf 88' lang='lat' dir='ltr'>omni</span> <span class='ocrx_word' id='word_1_265' title='bbox 831 1679 932 1711; x_wconf 88' lang='lat' dir='ltr'>casu,</span> <span class='ocrx_word' id='word_1_266' title='bbox 955 1665 988 1702; x_wconf 94' lang='lat' dir='ltr'>si</span> <span class='ocrx_word' id='word_1_267' title='bbox 1018 1667 1218 1714; x_wconf 83' lang='lat' dir='ltr'>contingat</span> <span class='ocrx_word' id='word_1_268' title='bbox 1249 1668 1424 1704; x_wconf 82' lang='lat' dir='ltr'>dubitari</span> <span class='ocrx_word' id='word_1_269' title='bbox 1454 1670 1515 1705; x_wconf 80' lang='lat' dir='ltr'>vel</span> <span class='ocrx_word' id='word_1_270' title='bbox 1547 1676 1705 1720; x_wconf 81' lang='lat' dir='ltr'>propter</span> 
     </span>
     <span class='ocr_line' id='line_1_28' title="bbox 109 1719 1702 1771; baseline 0.003 -14"><span class='ocrx_word' id='word_1_271' title='bbox 109 1721 308 1757; x_wconf 85' lang='lat' dir='ltr'>acedinem</span> <span class='ocrx_word' id='word_1_272' title='bbox 328 1720 389 1756; x_wconf 88' lang='lat' dir='ltr'>vel</span> <span class='ocrx_word' id='word_1_273' title='bbox 410 1723 570 1768; x_wconf 87' lang='lat' dir='ltr'>propter</span> <span class='ocrx_word' id='word_1_274' title='bbox 597 1719 811 1755; x_wconf 77' lang='lat' dir='ltr'>mixturam</span> <span class='ocrx_word' id='word_1_275' title='bbox 831 1719 893 1755; x_wconf 85' lang='lat' dir='ltr'>vel</span> <span class='ocrx_word' id='word_1_276' title='bbox 918 1719 1235 1768; x_wconf 85' lang='lat' dir='ltr'>illimpiditatem,</span> <span class='ocrx_word' id='word_1_277' title='bbox 1258 1726 1393 1758; x_wconf 84' lang='lat' dir='ltr'>utrum</span> <span class='ocrx_word' id='word_1_278' title='bbox 1412 1724 1534 1771; x_wconf 78' lang='lat' dir='ltr'>possit</span> <span class='ocrx_word' id='word_1_279' title='bbox 1554 1725 1702 1771; x_wconf 89' lang='lat' dir='ltr'>confici,</span> 
     </span>
     <span class='ocr_line' id='line_1_29' title="bbox 108 1772 1703 1822; baseline 0.004 -12"><span class='ocrx_word' id='word_1_280' title='bbox 108 1774 345 1811; x_wconf 86' lang='lat' dir='ltr'>consulimus</span> <span class='ocrx_word' id='word_1_281' title='bbox 381 1773 600 1819; x_wconf 76' lang='lat' dir='ltr'>abstinere3</span> <span class='ocrx_word' id='word_1_282' title='bbox 648 1773 740 1822; x_wconf 85' lang='lat' dir='ltr'>quia</span> <span class='ocrx_word' id='word_1_283' title='bbox 776 1773 819 1809; x_wconf 89' lang='lat' dir='ltr'>in</span> <span class='ocrx_word' id='word_1_284' title='bbox 855 1772 926 1809; x_wconf 91' lang='lat' dir='ltr'>hoc</span> <span class='ocrx_word' id='word_1_285' title='bbox 964 1779 1204 1810; x_wconf 80' lang='lat' dir='ltr'>sacramento</span> <span class='ocrx_word' id='word_1_286' title='bbox 1242 1775 1341 1811; x_wconf 89' lang='lat' dir='ltr'>nihil</span> <span class='ocrx_word' id='word_1_287' title='bbox 1379 1777 1451 1812; x_wconf 87' lang='lat' dir='ltr'>sub</span> <span class='ocrx_word' id='word_1_288' title='bbox 1489 1778 1607 1815; x_wconf 83' lang='lat' dir='ltr'>(lubio</span> <span class='ocrx_word' id='word_1_289' title='bbox 1645 1786 1703 1816; x_wconf 83' lang='lat' dir='ltr'>est</span> 
     </span>
     <span class='ocr_line' id='line_1_30' title="bbox 103 1826 1703 1878; baseline 0.003 -14"><span class='ocrx_word' id='word_1_290' title='bbox 103 1828 312 1877; x_wconf 76' lang='lat' dir='ltr'>agendum,</span> <span class='ocrx_word' id='word_1_291' title='bbox 334 1828 402 1864; x_wconf 87' lang='lat' dir='ltr'>ubi</span> <span class='ocrx_word' id='word_1_292' title='bbox 421 1827 632 1864; x_wconf 80' lang='lat' dir='ltr'>certissime</span> <span class='ocrx_word' id='word_1_293' title='bbox 651 1831 710 1863; x_wconf 89' lang='lat' dir='ltr'>est</span> <span class='ocrx_word' id='word_1_294' title='bbox 729 1826 947 1873; x_wconf 89' lang='lat' dir='ltr'>dicendum,</span> <span class='ocrx_word' id='word_1_295' title='bbox 968 1827 1054 1863; x_wconf 76' lang='lat' dir='ltr'>Hoc</span> <span class='ocrx_word' id='word_1_296' title='bbox 1073 1834 1124 1864; x_wconf 76' lang='lat' dir='ltr'>est</span> <span class='ocrx_word' id='word_1_297' title='bbox 1143 1828 1245 1864; x_wconf 75' lang='lat' dir='ltr'>enim</span> <span class='ocrx_word' id='word_1_298' title='bbox 1265 1843 1401 1878; x_wconf 71' lang='lat' dir='ltr'>corpus</span> <span class='ocrx_word' id='word_1_299' title='bbox 1419 1844 1546 1868; x_wconf 65' lang='lat' dir='ltr'>meum,</span> <span class='ocrx_word' id='word_1_300' title='bbox 1565 1835 1605 1868; x_wconf 88' lang='grc'>61</span> <span class='ocrx_word' id='word_1_301' title='bbox 1623 1833 1703 1870; x_wconf 72' lang='lat' dir='ltr'>Hic</span> 
     </span>
     <span class='ocr_line' id='line_1_31' title="bbox 107 1880 1701 1933; baseline 0.003 -15"><span class='ocrx_word' id='word_1_302' title='bbox 107 1888 159 1919; x_wconf 70' lang='lat' dir='ltr'>est</span> <span class='ocrx_word' id='word_1_303' title='bbox 178 1882 280 1918; x_wconf 74' lang='lat' dir='ltr'>enim</span> <span class='ocrx_word' id='word_1_304' title='bbox 299 1882 400 1918; x_wconf 53' lang='lat' dir='ltr'>calis</span> <span class='ocrx_word' id='word_1_305' title='bbox 417 1881 624 1929; x_wconf 60' lang='lat' dir='ltr'>sanguinis</span> <span class='ocrx_word' id='word_1_306' title='bbox 641 1880 724 1917; x_wconf 34' lang='lat' dir='ltr'>mevi.</span> <span class='ocrx_word' id='word_1_307' title='bbox 770 1880 874 1917; x_wconf 86' lang='lat' dir='ltr'>Item</span> <span class='ocrx_word' id='word_1_308' title='bbox 893 1880 1041 1917; x_wconf 85' lang='lat' dir='ltr'>oblatas</span> <span class='ocrx_word' id='word_1_309' title='bbox 1061 1882 1335 1919; x_wconf 88' lang='lat' dir='ltr'>convenientes</span> <span class='ocrx_word' id='word_1_310' title='bbox 1354 1884 1482 1933; x_wconf 83' lang='lat' dir='ltr'>eligat,</span> <span class='ocrx_word' id='word_1_311' title='bbox 1505 1889 1544 1921; x_wconf 87' lang='lat' dir='ltr'>et</span> <span class='ocrx_word' id='word_1_312' title='bbox 1563 1886 1629 1922; x_wconf 85' lang='lat' dir='ltr'>vin</span> <span class='ocrx_word' id='word_1_313' title='bbox 1637 1900 1701 1924; x_wconf 80' lang='lat' dir='ltr'>uin</span> 
     </span>
     <span class='ocr_line' id='line_1_32' title="bbox 106 1934 1699 1984; baseline 0.003 -12"><span class='ocrx_word' id='word_1_314' title='bbox 106 1940 370 1984; x_wconf 83' lang='lat' dir='ltr'>competenter</span> <span class='ocrx_word' id='word_1_315' title='bbox 389 1935 570 1971; x_wconf 84' lang='lat' dir='ltr'>infundat</span> <span class='ocrx_word' id='word_1_316' title='bbox 586 1948 596 1980; x_wconf 76' lang='lat'><em>3</em></span> <span class='ocrx_word' id='word_1_317' title='bbox 625 1935 717 1983; x_wconf 89' lang='lat' dir='ltr'>quia</span> <span class='ocrx_word' id='word_1_318' title='bbox 744 1934 816 1971; x_wconf 89' lang='lat' dir='ltr'>hoc</span> <span class='ocrx_word' id='word_1_319' title='bbox 844 1939 1128 1971; x_wconf 81' lang='lat' dir='ltr'>sacramentum</span> <span class='ocrx_word' id='word_1_320' title='bbox 1157 1936 1271 1973; x_wconf 88' lang='lat' dir='ltr'>(lebet</span> <span class='ocrx_word' id='word_1_321' title='bbox 1300 1938 1477 1975; x_wconf 82' lang='lat' dir='ltr'>sensibus</span> <span class='ocrx_word' id='word_1_322' title='bbox 1506 1939 1699 1977; x_wconf 87' lang='lat' dir='ltr'>deservire</span> 
     </span>
     <span class='ocr_line' id='line_1_33' title="bbox 106 1988 1697 2043; baseline 0.004 -18"><span class='ocrx_word' id='word_1_323' title='bbox 106 1989 155 2026; x_wconf 89' lang='lat' dir='ltr'>ad</span> <span class='ocrx_word' id='word_1_324' title='bbox 174 1990 399 2035; x_wconf 85' lang='lat' dir='ltr'>vivendum,</span> <span class='ocrx_word' id='word_1_325' title='bbox 420 1989 671 2037; x_wconf 85' lang='lat' dir='ltr'>tangendum,</span> <span class='ocrx_word' id='word_1_326' title='bbox 692 1992 732 2024; x_wconf 90' lang='grc'>61</span> <span class='ocrx_word' id='word_1_327' title='bbox 750 1988 1011 2037; x_wconf 76' lang='lat' dir='ltr'>gustandum3</span> <span class='ocrx_word' id='word_1_328' title='bbox 1040 1993 1086 2025; x_wconf 92' lang='lat' dir='ltr'>ut</span> <span class='ocrx_word' id='word_1_329' title='bbox 1113 2002 1248 2026; x_wconf 82' lang='lat' dir='ltr'>sensus</span> <span class='ocrx_word' id='word_1_330' title='bbox 1276 1991 1473 2028; x_wconf 87' lang='lat' dir='ltr'>reficiatur</span> <span class='ocrx_word' id='word_1_331' title='bbox 1492 2006 1541 2029; x_wconf 79' lang='lat' dir='ltr'>ex</span> <span class='ocrx_word' id='word_1_332' title='bbox 1561 1995 1697 2043; x_wconf 86' lang='lat' dir='ltr'>specie,</span> 
     </span>
     <span class='ocr_line' id='line_1_34' title="bbox 105 2043 1698 2096; baseline 0.003 -17"><span class='ocrx_word' id='word_1_333' title='bbox 105 2047 146 2079; x_wconf 86' lang='lat' dir='ltr'>et</span> <span class='ocrx_word' id='word_1_334' title='bbox 164 2043 385 2080; x_wconf 89' lang='lat' dir='ltr'>intellectus</span> <span class='ocrx_word' id='word_1_335' title='bbox 405 2056 454 2079; x_wconf 77' lang='lat' dir='ltr'>ex</span> <span class='ocrx_word' id='word_1_336' title='bbox 473 2056 514 2078; x_wconf 83' lang='lat' dir='ltr'>re</span> <span class='ocrx_word' id='word_1_337' title='bbox 534 2046 717 2078; x_wconf 83' lang='lat' dir='ltr'>contenta</span> <span class='ocrx_word' id='word_1_338' title='bbox 744 2043 932 2078; x_wconf 82' lang='lat' dir='ltr'>foveatur.</span> <span class='ocrx_word' id='word_1_339' title='bbox 990 2043 1109 2091; x_wconf 83' lang='lat' dir='ltr'>Aqua</span> <span class='ocrx_word' id='word_1_340' title='bbox 1128 2044 1248 2079; x_wconf 85' lang='lat' dir='ltr'>etiam</span> <span class='ocrx_word' id='word_1_341' title='bbox 1266 2044 1308 2080; x_wconf 89' lang='lat' dir='ltr'>in</span> <span class='ocrx_word' id='word_1_342' title='bbox 1327 2046 1558 2094; x_wconf 83' lang='lat' dir='ltr'>parvissima</span> <span class='ocrx_word' id='word_1_343' title='bbox 1578 2061 1698 2096; x_wconf 84' lang='lat' dir='ltr'>quan·</span> 
     </span>
     <span class='ocr_line' id='line_1_35' title="bbox 106 2096 1698 2148; baseline 0.003 -15"><span class='ocrx_word' id='word_1_344' title='bbox 106 2096 222 2133; x_wconf 83' lang='lat' dir='ltr'>titate</span> <span class='ocrx_word' id='word_1_345' title='bbox 249 2097 492 2141; x_wconf 83' lang='lat' dir='ltr'>infundatur,</span> <span class='ocrx_word' id='word_1_346' title='bbox 515 2100 560 2132; x_wconf 87' lang='lat' dir='ltr'>ut</span> <span class='ocrx_word' id='word_1_347' title='bbox 578 2109 602 2132; x_wconf 90' lang='lat' dir='ltr'>a</span> <span class='ocrx_word' id='word_1_348' title='bbox 620 2096 713 2132; x_wconf 87' lang='lat' dir='ltr'>vino</span> <span class='ocrx_word' id='word_1_349' title='bbox 740 2096 993 2132; x_wconf 83' lang='lat' dir='ltr'>absorbeatur</span> <span class='ocrx_word' id='word_1_350' title='bbox 1021 2101 1060 2132; x_wconf 88' lang='lat' dir='ltr'>et</span> <span class='ocrx_word' id='word_1_351' title='bbox 1088 2110 1262 2146; x_wconf 87' lang='lat' dir='ltr'>saporem</span> <span class='ocrx_word' id='word_1_352' title='bbox 1292 2098 1376 2134; x_wconf 87' lang='lat' dir='ltr'>vini</span> <span class='ocrx_word' id='word_1_353' title='bbox 1403 2100 1565 2148; x_wconf 81' lang='lat' dir='ltr'>recipiat</span> <span class='ocrx_word' id='word_1_354' title='bbox 1580 2114 1591 2147; x_wconf 79' lang='lat'><em>3</em></span> <span class='ocrx_word' id='word_1_355' title='bbox 1619 2114 1698 2139; x_wconf 89' lang='grc'>11011</span> 
     </span>
     <span class='ocr_line' id='line_1_36' title="bbox 106 2149 1698 2202; baseline 0.004 -16"><span class='ocrx_word' id='word_1_356' title='bbox 106 2154 165 2187; x_wconf 85' lang='lat' dir='ltr'>est</span> <span class='ocrx_word' id='word_1_357' title='bbox 184 2151 287 2186; x_wconf 85' lang='grc'>6111111</span> <span class='ocrx_word' id='word_1_358' title='bbox 306 2150 522 2199; x_wconf 88' lang='lat' dir='ltr'>periculum</span> <span class='ocrx_word' id='word_1_359' title='bbox 551 2154 896 2198; x_wconf 88' lang='lat' dir='ltr'>quantumcunque</span> <span class='ocrx_word' id='word_1_360' title='bbox 924 2149 1120 2186; x_wconf 90' lang='lat' dir='ltr'>modicum</span> <span class='ocrx_word' id='word_1_361' title='bbox 1148 2156 1368 2200; x_wconf 83' lang='lat' dir='ltr'>apponatur</span> <span class='ocrx_word' id='word_1_362' title='bbox 1401 2153 1447 2189; x_wconf 86' lang='lat' dir='ltr'>de</span> <span class='ocrx_word' id='word_1_363' title='bbox 1480 2167 1581 2202; x_wconf 80' lang='lat' dir='ltr'>aqua</span> <span class='ocrx_word' id='word_1_364' title='bbox 1595 2167 1605 2200; x_wconf 78' lang='lat'><em>3</em></span> <span class='ocrx_word' id='word_1_365' title='bbox 1639 2159 1698 2192; x_wconf 83' lang='lat' dir='ltr'>est</span> 
     </span>
     <span class='ocr_line' id='line_1_37' title="bbox 105 2203 1696 2257; baseline 0.003 -16"><span class='ocrx_word' id='word_1_366' title='bbox 105 2208 237 2241; x_wconf 84' lang='lat' dir='ltr'>autem</span> <span class='ocrx_word' id='word_1_367' title='bbox 267 2204 483 2253; x_wconf 88' lang='lat' dir='ltr'>periculum</span> <span class='ocrx_word' id='word_1_368' title='bbox 502 2203 535 2240; x_wconf 91' lang='lat' dir='ltr'>si</span> <span class='ocrx_word' id='word_1_369' title='bbox 553 2203 733 2240; x_wconf 88' lang='lat' dir='ltr'>multum.</span> <span class='ocrx_word' id='word_1_370' title='bbox 790 2203 1019 2252; x_wconf 90' lang='lat' dir='ltr'>Apponitur</span> <span class='ocrx_word' id='word_1_371' title='bbox 1049 2204 1168 2240; x_wconf 88' lang='lat' dir='ltr'>etiam</span> <span class='ocrx_word' id='word_1_372' title='bbox 1199 2205 1324 2241; x_wconf 89' lang='lat' dir='ltr'>solum</span> <span class='ocrx_word' id='word_1_373' title='bbox 1354 2218 1454 2256; x_wconf 85' lang='lat' dir='ltr'>aqua</span> <span class='ocrx_word' id='word_1_374' title='bbox 1482 2208 1531 2243; x_wconf 81' lang='lat' dir='ltr'>ad</span> <span class='ocrx_word' id='word_1_375' title='bbox 1551 2209 1696 2257; x_wconf 86' lang='lat' dir='ltr'>signifi-</span> 
     </span>
     <span class='ocr_line' id='line_1_38' title="bbox 104 2256 1696 2307; baseline 0.003 -13"><span class='ocrx_word' id='word_1_376' title='bbox 104 2257 281 2295; x_wconf 88' lang='lat' dir='ltr'>candum.</span> <span class='ocrx_word' id='word_1_377' title='bbox 332 2257 408 2294; x_wconf 80' lang='lat' dir='ltr'>Sed</span> <span class='ocrx_word' id='word_1_378' title='bbox 427 2270 507 2293; x_wconf 85' lang='lat' dir='ltr'>una</span> <span class='ocrx_word' id='word_1_379' title='bbox 525 2261 638 2306; x_wconf 83' lang='lat' dir='ltr'>gutta</span> <span class='ocrx_word' id='word_1_380' title='bbox 656 2261 814 2292; x_wconf 88' lang='lat' dir='ltr'>tantum</span> <span class='ocrx_word' id='word_1_381' title='bbox 833 2256 1025 2305; x_wconf 74' lang='lat' dir='ltr'>significat</span> <span class='ocrx_word' id='word_1_382' title='bbox 1044 2262 1237 2306; x_wconf 87' lang='lat' dir='ltr'>quantum</span> <span class='ocrx_word' id='word_1_383' title='bbox 1255 2259 1398 2307; x_wconf 85' lang='lat' dir='ltr'>plures.</span> <span class='ocrx_word' id='word_1_384' title='bbox 1446 2260 1541 2297; x_wconf 75' lang='lat' dir='ltr'>Ideo</span> <span class='ocrx_word' id='word_1_385' title='bbox 1562 2267 1696 2299; x_wconf 79' lang='lat' dir='ltr'>caveat</span> 
     </span>
     <span class='ocr_line' id='line_1_39' title="bbox 104 2310 1183 2359; baseline 0 -11"><span class='ocrx_word' id='word_1_386' title='bbox 104 2312 277 2348; x_wconf 82' lang='lat' dir='ltr'>sacerdos</span> <span class='ocrx_word' id='word_1_387' title='bbox 297 2324 346 2348; x_wconf 90' lang='lat' dir='ltr'>ne</span> <span class='ocrx_word' id='word_1_388' title='bbox 365 2324 453 2348; x_wconf 92' lang='lat' dir='ltr'>cum</span> <span class='ocrx_word' id='word_1_389' title='bbox 472 2311 623 2359; x_wconf 87' lang='lat' dir='ltr'>impetu</span> <span class='ocrx_word' id='word_1_390' title='bbox 643 2310 836 2356; x_wconf 86' lang='lat' dir='ltr'>infundat,</span> <span class='ocrx_word' id='word_1_391' title='bbox 858 2323 907 2347; x_wconf 89' lang='lat' dir='ltr'>ne</span> <span class='ocrx_word' id='word_1_392' title='bbox 926 2310 1042 2346; x_wconf 90' lang='lat' dir='ltr'>nimis</span> <span class='ocrx_word' id='word_1_393' title='bbox 1061 2312 1183 2348; x_wconf 87' lang='lat' dir='ltr'>cadat.</span> 
     </span>
    </p>

    <p class='ocr_par' dir='ltr' id='par_1_4' title="bbox 97 2364 1693 2952">
     <span class='ocr_line' id='line_1_40' title="bbox 184 2364 1693 2419; baseline 0.003 -17"><span class='ocrx_word' id='word_1_394' title='bbox 184 2365 317 2402; x_wconf 86' lang='lat' dir='ltr'>Tertia</span> <span class='ocrx_word' id='word_1_395' title='bbox 336 2369 405 2411; x_wconf 89' lang='lat' dir='ltr'>est,</span> <span class='ocrx_word' id='word_1_396' title='bbox 428 2370 474 2401; x_wconf 81' lang='lat' dir='ltr'>ut</span> <span class='ocrx_word' id='word_1_397' title='bbox 506 2364 702 2401; x_wconf 85' lang='lat' dir='ltr'>Oanonem</span> <span class='ocrx_word' id='word_1_398' title='bbox 732 2364 920 2400; x_wconf 88' lang='lat' dir='ltr'>morosius</span> <span class='ocrx_word' id='word_1_399' title='bbox 950 2364 1052 2413; x_wconf 85' lang='lat' dir='ltr'>legat</span> <span class='ocrx_word' id='word_1_400' title='bbox 1082 2378 1201 2414; x_wconf 86' lang='lat' dir='ltr'>quam</span> <span class='ocrx_word' id='word_1_401' title='bbox 1220 2370 1368 2406; x_wconf 79' lang='lat' dir='ltr'>caetera.</span> <span class='ocrx_word' id='word_1_402' title='bbox 1426 2367 1479 2404; x_wconf 86' lang='lat' dir='ltr'>Et</span> <span class='ocrx_word' id='word_1_403' title='bbox 1499 2369 1693 2419; x_wconf 67' lang='lat' dir='ltr'>praecipue</span> 
     </span>
     <span class='ocr_line' id='line_1_41' title="bbox 103 2418 1693 2472; baseline 0.003 -17"><span class='ocrx_word' id='word_1_404' title='bbox 103 2419 151 2456; x_wconf 84' lang='lat' dir='ltr'>ab</span> <span class='ocrx_word' id='word_1_405' title='bbox 179 2419 246 2455; x_wconf 91' lang='lat' dir='ltr'>illo</span> <span class='ocrx_word' id='word_1_406' title='bbox 274 2419 368 2465; x_wconf 91' lang='lat' dir='ltr'>loco,</span> <span class='ocrx_word' id='word_1_407' title='bbox 395 2418 472 2464; x_wconf 75' lang='lat' dir='ltr'>Qui</span> <span class='ocrx_word' id='word_1_408' title='bbox 492 2419 625 2467; x_wconf 75' lang='lat' dir='ltr'>pridie</span> <span class='ocrx_word' id='word_1_409' title='bbox 652 2432 770 2466; x_wconf 78' lang='lat' dir='ltr'>quam</span> <span class='ocrx_word' id='word_1_410' title='bbox 796 2424 995 2466; x_wconf 77' lang='lat' dir='ltr'>pateretur</span> <span class='ocrx_word' id='word_1_411' title='bbox 1022 2419 1173 2467; x_wconf 69' lang='lat' dir='ltr'>accepit.</span> <span class='ocrx_word' id='word_1_412' title='bbox 1230 2420 1340 2457; x_wconf 87' lang='lat' dir='ltr'>Tunc</span> <span class='ocrx_word' id='word_1_413' title='bbox 1368 2421 1471 2458; x_wconf 89' lang='lat' dir='ltr'>enim</span> <span class='ocrx_word' id='word_1_414' title='bbox 1501 2423 1693 2472; x_wconf 79' lang='lat' dir='ltr'>respirans</span> 
     </span>
     <span class='ocr_line' id='line_1_42' title="bbox 101 2472 1692 2525; baseline 0.003 -16"><span class='ocrx_word' id='word_1_415' title='bbox 101 2474 304 2510; x_wconf 86' lang='lat' dir='ltr'>attendere</span> <span class='ocrx_word' id='word_1_416' title='bbox 323 2473 449 2519; x_wconf 86' lang='lat' dir='ltr'>debet,</span> <span class='ocrx_word' id='word_1_417' title='bbox 471 2477 510 2508; x_wconf 87' lang='lat' dir='ltr'>et</span> <span class='ocrx_word' id='word_1_418' title='bbox 529 2485 568 2508; x_wconf 88' lang='lat' dir='ltr'>se</span> <span class='ocrx_word' id='word_1_419' title='bbox 587 2476 715 2508; x_wconf 88' lang='lat' dir='ltr'>totum</span> <span class='ocrx_word' id='word_1_420' title='bbox 735 2472 922 2521; x_wconf 85' lang='lat' dir='ltr'>colligere,</span> <span class='ocrx_word' id='word_1_421' title='bbox 944 2472 978 2508; x_wconf 89' lang='lat' dir='ltr'>si</span> <span class='ocrx_word' id='word_1_422' title='bbox 996 2472 1103 2521; x_wconf 85' lang='lat' dir='ltr'>prius</span> <span class='ocrx_word' id='word_1_423' title='bbox 1122 2486 1202 2510; x_wconf 89' lang='lat' dir='ltr'>non</span> <span class='ocrx_word' id='word_1_424' title='bbox 1220 2475 1361 2522; x_wconf 87' lang='lat' dir='ltr'>potuit,</span> <span class='ocrx_word' id='word_1_425' title='bbox 1379 2475 1542 2525; x_wconf 80' lang='lat' dir='ltr'>singulis</span> <span class='ocrx_word' id='word_1_426' title='bbox 1562 2478 1692 2514; x_wconf 85' lang='lat' dir='ltr'>verbis</span> 
     </span>
     <span class='ocr_line' id='line_1_43' title="bbox 102 2526 1686 2580; baseline 0.003 -17"><span class='ocrx_word' id='word_1_427' title='bbox 102 2527 319 2564; x_wconf 86' lang='lat' dir='ltr'>intendens.</span> <span class='ocrx_word' id='word_1_428' title='bbox 379 2527 432 2563; x_wconf 72' lang='lat' dir='ltr'>Et</span> <span class='ocrx_word' id='word_1_429' title='bbox 451 2539 539 2562; x_wconf 87' lang='lat' dir='ltr'>cum</span> <span class='ocrx_word' id='word_1_430' title='bbox 552 2526 697 2562; x_wconf 79' lang='lat' dir='ltr'>dixerit</span> <span class='ocrx_word' id='word_1_431' title='bbox 716 2526 884 2574; x_wconf 74' lang='lat' dir='ltr'>Accipite</span> <span class='ocrx_word' id='word_1_432' title='bbox 904 2532 936 2561; x_wconf 73' lang='lat' dir='ltr'>et</span> <span class='ocrx_word' id='word_1_433' title='bbox 955 2526 1185 2563; x_wconf 66' lang='lat' dir='ltr'>manducate</span> <span class='ocrx_word' id='word_1_434' title='bbox 1203 2541 1247 2564; x_wconf 66' lang='lat' dir='ltr'>ea:</span> <span class='ocrx_word' id='word_1_435' title='bbox 1265 2527 1333 2565; x_wconf 73' lang='grc'>1100</span> <span class='ocrx_word' id='word_1_436' title='bbox 1352 2542 1488 2572; x_wconf 65' lang='lat' dir='ltr'>omnes,</span> <span class='ocrx_word' id='word_1_437' title='bbox 1510 2531 1686 2580; x_wconf 84' lang='lat' dir='ltr'>respiret,</span> 
     </span>
     <span class='ocr_line' id='line_1_44' title="bbox 101 2579 1692 2630; baseline 0.003 -13"><span class='ocrx_word' id='word_1_438' title='bbox 101 2584 140 2617; x_wconf 86' lang='lat' dir='ltr'>et</span> <span class='ocrx_word' id='word_1_439' title='bbox 159 2594 236 2617; x_wconf 91' lang='lat' dir='ltr'>uno</span> <span class='ocrx_word' id='word_1_440' title='bbox 256 2580 397 2630; x_wconf 89' lang='lat' dir='ltr'>spiritu</span> <span class='ocrx_word' id='word_1_441' title='bbox 416 2580 574 2617; x_wconf 88' lang='lat' dir='ltr'>tractim</span> <span class='ocrx_word' id='word_1_442' title='bbox 588 2579 692 2616; x_wconf 84' lang='lat' dir='ltr'>dicat</span> <span class='ocrx_word' id='word_1_443' title='bbox 706 2579 791 2616; x_wconf 84' lang='lat' dir='ltr'>Hoc</span> <span class='ocrx_word' id='word_1_444' title='bbox 804 2585 856 2616; x_wconf 70' lang='lat' dir='ltr'>est</span> <span class='ocrx_word' id='word_1_445' title='bbox 871 2579 973 2616; x_wconf 76' lang='lat' dir='ltr'>enim</span> <span class='ocrx_word' id='word_1_446' title='bbox 992 2593 1128 2628; x_wconf 68' lang='lat' dir='ltr'>corpas</span> <span class='ocrx_word' id='word_1_447' title='bbox 1146 2595 1300 2627; x_wconf 49' lang='lat' dir='ltr'>mmmm</span> <span class='ocrx_word' id='word_1_448' title='bbox 1329 2583 1383 2619; x_wconf 88' lang='lat' dir='ltr'>sic</span> <span class='ocrx_word' id='word_1_449' title='bbox 1402 2597 1480 2619; x_wconf 90' lang='lat' dir='ltr'>non</span> <span class='ocrx_word' id='word_1_450' title='bbox 1501 2585 1692 2622; x_wconf 84' lang='lat' dir='ltr'>immiscet</span> 
     </span>
     <span class='ocr_line' id='line_1_45' title="bbox 100 2633 1690 2684; baseline 0.003 -13"><span class='ocrx_word' id='word_1_451' title='bbox 100 2646 141 2671; x_wconf 81' lang='lat' dir='ltr'>se</span> <span class='ocrx_word' id='word_1_452' title='bbox 173 2634 248 2670; x_wconf 87' lang='lat' dir='ltr'>alia</span> <span class='ocrx_word' id='word_1_453' title='bbox 281 2635 473 2684; x_wconf 82' lang='lat' dir='ltr'>cogitatio.</span> <span class='ocrx_word' id='word_1_454' title='bbox 547 2633 641 2670; x_wconf 87' lang='lat' dir='ltr'>Non</span> <span class='ocrx_word' id='word_1_455' title='bbox 677 2633 782 2670; x_wconf 87' lang='lat' dir='ltr'>enim</span> <span class='ocrx_word' id='word_1_456' title='bbox 819 2633 977 2670; x_wconf 77' lang='lat' dir='ltr'>videtur</span> <span class='ocrx_word' id='word_1_457' title='bbox 1013 2647 1094 2670; x_wconf 83' lang='lat' dir='ltr'>esse</span> <span class='ocrx_word' id='word_1_458' title='bbox 1131 2635 1363 2673; x_wconf 87' lang='lat' dir='ltr'>rationabile</span> <span class='ocrx_word' id='word_1_459' title='bbox 1400 2637 1690 2675; x_wconf 79' lang='lat' dir='ltr'>discontinuare</span> 
     </span>
     <span class='ocr_line' id='line_1_46' title="bbox 100 2686 1690 2740; baseline 0.003 -16"><span class='ocrx_word' id='word_1_460' title='bbox 100 2687 264 2724; x_wconf 85' lang='lat' dir='ltr'>formam</span> <span class='ocrx_word' id='word_1_461' title='bbox 295 2692 378 2725; x_wconf 89' lang='lat' dir='ltr'>tam</span> <span class='ocrx_word' id='word_1_462' title='bbox 410 2688 578 2733; x_wconf 81' lang='lat' dir='ltr'>brevem,</span> <span class='ocrx_word' id='word_1_463' title='bbox 613 2691 695 2723; x_wconf 87' lang='lat' dir='ltr'>tam</span> <span class='ocrx_word' id='word_1_464' title='bbox 733 2686 906 2733; x_wconf 84' lang='lat' dir='ltr'>arduam,</span> <span class='ocrx_word' id='word_1_465' title='bbox 942 2691 1024 2723; x_wconf 89' lang='lat' dir='ltr'>tam</span> <span class='ocrx_word' id='word_1_466' title='bbox 1061 2688 1262 2736; x_wconf 87' lang='lat' dir='ltr'>efficacem,</span> <span class='ocrx_word' id='word_1_467' title='bbox 1295 2690 1405 2740; x_wconf 86' lang='lat' dir='ltr'>cujus</span> <span class='ocrx_word' id='word_1_468' title='bbox 1443 2697 1526 2728; x_wconf 79' lang='lat' dir='ltr'>tota</span> <span class='ocrx_word' id='word_1_469' title='bbox 1563 2692 1690 2729; x_wconf 83' lang='lat' dir='ltr'>virtus</span> 
     </span>
     <span class='ocr_line' id='line_1_47' title="bbox 99 2740 1686 2791; baseline 0.004 -14"><span class='ocrx_word' id='word_1_470' title='bbox 99 2741 292 2790; x_wconf 87' lang='lat' dir='ltr'>dependet</span> <span class='ocrx_word' id='word_1_471' title='bbox 309 2743 358 2778; x_wconf 85' lang='lat' dir='ltr'>ab</span> <span class='ocrx_word' id='word_1_472' title='bbox 377 2741 518 2778; x_wconf 88' lang='lat' dir='ltr'>ultimo</span> <span class='ocrx_word' id='word_1_473' title='bbox 533 2741 662 2786; x_wconf 82' lang='lat' dir='ltr'>verbo,</span> <span class='ocrx_word' id='word_1_474' title='bbox 680 2740 825 2777; x_wconf 87' lang='lat' dir='ltr'>scilicet</span> <span class='ocrx_word' id='word_1_475' title='bbox 843 2754 980 2786; x_wconf 75' lang='lat' dir='ltr'>meam,</span> <span class='ocrx_word' id='word_1_476' title='bbox 997 2741 1101 2789; x_wconf 87' lang='lat' dir='ltr'>quod</span> <span class='ocrx_word' id='word_1_477' title='bbox 1120 2742 1161 2778; x_wconf 90' lang='lat' dir='ltr'>in</span> <span class='ocrx_word' id='word_1_478' title='bbox 1182 2756 1345 2791; x_wconf 88' lang='lat' dir='ltr'>persona</span> <span class='ocrx_word' id='word_1_479' title='bbox 1365 2744 1513 2782; x_wconf 83' lang='lat' dir='ltr'>Christi</span> <span class='ocrx_word' id='word_1_480' title='bbox 1533 2745 1686 2784; x_wconf 84' lang='lat' dir='ltr'>dicitur.</span> 
     </span>
     <span class='ocr_line' id='line_1_48' title="bbox 100 2793 1687 2844; baseline 0.002 -12"><span class='ocrx_word' id='word_1_481' title='bbox 100 2793 220 2832; x_wconf 88' lang='lat' dir='ltr'>Unde</span> <span class='ocrx_word' id='word_1_482' title='bbox 247 2808 327 2832; x_wconf 90' lang='lat' dir='ltr'>non</span> <span class='ocrx_word' id='word_1_483' title='bbox 354 2795 470 2832; x_wconf 90' lang='lat' dir='ltr'>debet</span> <span class='ocrx_word' id='word_1_484' title='bbox 499 2795 660 2831; x_wconf 89' lang='lat' dir='ltr'>cuilibet</span> <span class='ocrx_word' id='word_1_485' title='bbox 688 2794 806 2831; x_wconf 86' lang='lat' dir='ltr'>verbo</span> <span class='ocrx_word' id='word_1_486' title='bbox 836 2798 1004 2843; x_wconf 87' lang='lat' dir='ltr'>punctus</span> <span class='ocrx_word' id='word_1_487' title='bbox 1036 2795 1185 2844; x_wconf 88' lang='lat' dir='ltr'>imponi</span> <span class='ocrx_word' id='word_1_488' title='bbox 1199 2809 1209 2843; x_wconf 78' lang='lat'><em>3</em></span> <span class='ocrx_word' id='word_1_489' title='bbox 1242 2810 1331 2834; x_wconf 89' lang='lat' dir='ltr'>cum</span> <span class='ocrx_word' id='word_1_490' title='bbox 1349 2798 1390 2834; x_wconf 90' lang='lat' dir='ltr'>id</span> <span class='ocrx_word' id='word_1_491' title='bbox 1409 2799 1517 2835; x_wconf 87' lang='lat' dir='ltr'>nulla</span> <span class='ocrx_word' id='word_1_492' title='bbox 1537 2799 1687 2836; x_wconf 83' lang='lat' dir='ltr'>ratione</span> 
     </span>
     <span class='ocr_line' id='line_1_49' title="bbox 97 2848 1683 2901; baseline 0.004 -17"><span class='ocrx_word' id='word_1_493' title='bbox 97 2848 228 2885; x_wconf 81' lang='lat' dir='ltr'>valeat</span> <span class='ocrx_word' id='word_1_494' title='bbox 246 2853 292 2885; x_wconf 91' lang='lat' dir='ltr'>ut</span> <span class='ocrx_word' id='word_1_495' title='bbox 310 2849 473 2895; x_wconf 85' lang='lat' dir='ltr'>dicatur,</span> <span class='ocrx_word' id='word_1_496' title='bbox 492 2848 588 2893; x_wconf 85' lang='lat' dir='ltr'>Hoc,</span> <span class='ocrx_word' id='word_1_497' title='bbox 605 2854 667 2894; x_wconf 74' lang='lat' dir='ltr'>est,</span> <span class='ocrx_word' id='word_1_498' title='bbox 684 2848 797 2894; x_wconf 75' lang='lat' dir='ltr'>enim,</span> <span class='ocrx_word' id='word_1_499' title='bbox 814 2861 961 2897; x_wconf 47' lang='lat' dir='ltr'>corpu&amp;</span> <span class='ocrx_word' id='word_1_500' title='bbox 976 2862 1112 2885; x_wconf 72' lang='lat' dir='ltr'>meum.</span> <span class='ocrx_word' id='word_1_501' title='bbox 1135 2850 1202 2886; x_wconf 91' lang='lat' dir='ltr'>sed</span> <span class='ocrx_word' id='word_1_502' title='bbox 1220 2854 1350 2888; x_wconf 89' lang='lat' dir='ltr'>totum</span> <span class='ocrx_word' id='word_1_503' title='bbox 1368 2852 1484 2888; x_wconf 86' lang='lat' dir='ltr'>simul</span> <span class='ocrx_word' id='word_1_504' title='bbox 1504 2853 1683 2901; x_wconf 74' lang='lat' dir='ltr'>proferat.</span> 
     </span>
     <span class='ocr_line' id='line_1_50' title="bbox 99 2900 1531 2952; baseline 0.003 -13"><span class='ocrx_word' id='word_1_505' title='bbox 99 2900 193 2940; x_wconf 81' lang='lat' dir='ltr'>Pari</span> <span class='ocrx_word' id='word_1_506' title='bbox 211 2903 324 2940; x_wconf 90' lang='lat' dir='ltr'>modo</span> <span class='ocrx_word' id='word_1_507' title='bbox 344 2903 415 2940; x_wconf 89' lang='lat' dir='ltr'>hoc</span> <span class='ocrx_word' id='word_1_508' title='bbox 435 2903 537 2940; x_wconf 89' lang='lat' dir='ltr'>idem</span> <span class='ocrx_word' id='word_1_509' title='bbox 557 2903 599 2938; x_wconf 89' lang='lat' dir='ltr'>in</span> <span class='ocrx_word' id='word_1_510' title='bbox 617 2902 742 2938; x_wconf 88' lang='lat' dir='ltr'>forma</span> <span class='ocrx_word' id='word_1_511' title='bbox 761 2901 1057 2938; x_wconf 84' lang='lat' dir='ltr'>consecrationis</span> <span class='ocrx_word' id='word_1_512' title='bbox 1077 2904 1277 2952; x_wconf 86' lang='lat' dir='ltr'>sanguinis</span> <span class='ocrx_word' id='word_1_513' title='bbox 1296 2906 1531 2943; x_wconf 82' lang='lat' dir='ltr'>observetur.</span> 
     </span>
    </p>
   </div>
   <div class='ocr_carea' id='block_1_3' title="bbox 450 2969 1294 3009">
    <p class='ocr_par' dir='ltr' id='par_1_5' title="bbox 450 2969 1294 3009">
     <span class='ocr_line' id='line_1_51' title="bbox 450 2969 1294 3009; baseline 0.002 -10"><span class='ocrx_word' id='word_1_514' title='bbox 450 2970 466 2987; x_wconf 67' lang='lat'>⁵</span> <span class='ocrx_word' id='word_1_515' title='bbox 488 2970 757 3000; x_wconf 82' lang='lat' dir='ltr'>Ed.—acetosum.</span> <span class='ocrx_word' id='word_1_516' title='bbox 800 2969 914 2999; x_wconf 85' lang='lat' dir='ltr'>Sarum</span> <span class='ocrx_word' id='word_1_517' title='bbox 928 2969 1052 3008; x_wconf 77' lang='lat' dir='ltr'>Missal,</span> <span class='ocrx_word' id='word_1_518' title='bbox 1067 2971 1154 3009; x_wconf 84' lang='lat'>1513,</span> <span class='ocrx_word' id='word_1_519' title='bbox 1168 2981 1201 3001; x_wconf 86' lang='lat' dir='ltr'>as</span> <span class='ocrx_word' id='word_1_520' title='bbox 1217 2974 1294 3005; x_wconf 78' lang='lat' dir='ltr'>text.</span> 
     </span>
    </p>
   </div>
  </div>
 </body>
</html>
