1979 3348
524 242 553 283 I
552 257 585 284 n
606 242 769 285 Natali
793 242 1108 298 plurimorum
1129 241 1183 282 M
1181 245 1401 296 (myram.
1675 242 1756 286 147

248 352 500 400 Offertom'nm.

247 406 531 443 Gloriabuntur
564 407 604 443 in
632 412 671 443 te
701 420 832 443 omnes
863 407 933 456 qui
965 406 1135 454 diligunt
1167 418 1309 442 nomen
1339 409 1465 451 tuum,
1494 405 1679 454 quoniam
1710 410 1755 443 tu

163 459 366 496 benedices
380 461 501 508 justo,
524 461 692 497 Domine
710 474 718 498 :
748 465 794 497 ut
813 464 922 497 scuto
942 461 1053 496 bonae
1074 459 1290 496 voluntatis
1309 462 1387 495 tuae
1408 459 1602 495 coronasti
1621 472 1702 496 nos.

248 513 499 560 Qffertmvssmn.

245 566 512 603 Exsultabunt
540 568 664 604 sancti
682 568 724 603 in
743 567 876 617 gloria,
897 567 1137 604 laetabuntur
1164 567 1205 603 in
1234 566 1426 603 cubilibus
1454 566 1556 604 suis:
1585 566 1756 603 exsulta-

163 620 290 657 tiones
311 621 386 657 Dei
405 622 446 657 in
465 621 640 658 faucibus
660 634 802 658 eorum.

245 673 299 710 In
320 681 479 723 tempore
499 675 690 721 Paselmlz',
713 674 908 723 Alleluya.

244 729 402 765 Secreta.

245 781 415 818 Munera
447 782 531 827 tibi,
567 781 747 828 Domine,
781 784 923 817 nostrae
961 779 1180 817 devotionis
1217 781 1413 817 offerimus
1427 794 1437 827 3
1483 793 1569 829 quae
1607 784 1646 816 et
1683 792 1753 828 pro

163 838 322 871 tuorum
346 835 420 871 tibi
447 839 559 884 grata
581 835 661 871 sint
680 835 823 871 honore
837 836 1037 883 justorum
1057 838 1096 871 et
1116 834 1226 870 nobis
1254 834 1452 878 salutaria,
1473 838 1513 871 te
1533 833 1754 881 miserante,

163 888 388 925 reddantur.
447 889 523 925 Per
543 888 767 925 Dominum.

154 937 156 939 ¹
246 942 485 979 Commnn'io.

245 996 466 1032 Multitudo
498 996 770 1045 languentium
808 1000 847 1031 et
879 996 948 1044 qui
980 995 1226 1031 vexabantur
1256 1009 1278 1031 a
1308 995 1511 1043 spiritibus
1542 995 1756 1031 immundis

164 1049 374 1086 veniebant
394 1050 443 1086 ad
463 1063 551 1086 eum
567 1063 575 1086 :
604 1050 696 1098 quia
715 1049 844 1085 virtus
863 1049 910 1086 de
929 1049 996 1085 illo
1016 1049 1150 1085 exibat
1170 1053 1210 1086 et
1229 1050 1392 1085 sanabat
1411 1061 1554 1087 omneS.

245 1102 482 1141 Commnm'o.

243 1156 271 1193 ,J
274 1161 451 1193 ustorum
471 1157 610 1194 animae
629 1157 669 1193 in
690 1170 808 1193 manu
830 1156 906 1193 Dei
925 1160 1018 1193 sunt
1038 1170 1045 1193 :
1075 1160 1115 1193 et
1133 1170 1213 1193 non
1233 1160 1369 1206 tanget
1398 1156 1484 1193 illos
1512 1159 1755 1192 tormentum

148 1210 323 1246 ὲ1111111131ἱο
342 1225 348 1247 ;
381 1211 455 1247 visi
474 1215 567 1247 sunt
587 1211 707 1247 oculis
727 1210 999 1259 insipientium
1020 1211 1119 1247 mori
1135 1225 1142 1248 :
1171 1211 1231 1247 illi
1250 1215 1383 1247 autem
1402 1214 1496 1247 sunt
1516 1210 1558 1246 in
1576 1223 1679 1259 pace.

243 1263 296 1300 In
316 1271 475 1313 tempore
494 1264 687 1307 Paschcdi,
709 1265 905 1313 Alleluya,
927 1264 1105 1313 alleluya.

245 1317 481 1355 Communio.

245 1371 466 1408 Posuerunt
503 1372 685 1408 mortalia
722 1385 921 1408 servorum
959 1376 1130 1418 tuorum,
1170 1371 1351 1417 Domine,
1387 1384 1491 1408 escas
1528 1370 1757 1407 volatilibus

160 1424 269 1461 caeli:
298 1439 431 1462 carnes
450 1430 671 1462 sanctorum
690 1432 846 1462 tuorum
878 1425 1012 1461 bestiis
1040 1431 1178 1463 terrae:
1207 1425 1420 1462 secundum
1443 1425 1756 1475 magnitudinem

163 1479 313 1515 brachii
332 1480 390 1515 tui
410 1480 562 1528 posside
581 1480 680 1515 filios
699 1484 824 1516 morte
843 1480 1080 1528 punitorum.

242 1532 296 1569 In
317 1539 476 1581 tempore
496 1533 688 1579 Pasclcale‘,
710 1533 907 1581 Alleluya.

246 1586 376 1623 C'omm
385 1587 486 1623 nnio.

244 1640 386 1686 Amen,
416 1641 500 1677 dico
520 1640 643 1686 vobis,
666 1640 770 1689 quod.
799 1640 869 1676 uni
895 1653 944 1676 ex
967 1640 1141 1676 minimis
1171 1640 1267 1676 meis
1293 1639 1448 1685 fecistis,
1470 1639 1569 1675 mihi
1587 1639 1759 1676 fecistis:

162 1694 306 1739 venite,
329 1694 523 1731 benedicti
552 1693 683 1730 Patris
710 1693 810 1730 mei:
839 1693 1031 1743 possidete
1059 1697 1239 1743 paratum
1259 1694 1370 1730 vobis
1388 1706 1553 1743 regnum
1572 1693 1621 1730 ab
1640 1693 1756 1729 initio

162 1747 302 1784 saeculi.

245 1800 485 1838 Commnn'io.

241 1855 295 1891 Et
327 1855 359 1892 si
391 1868 520 1892 coram
552 1855 777 1891 hominibus
798 1858 994 1891 tormenta
1026 1855 1129 1904 passi
1161 1858 1278 1891 sunt:
1317 1855 1425 1891 Deus
1458 1853 1631 1891 tentavit
1664 1867 1727 1890 eos
1749 1867 1756 1890 :

161 1912 350 1958 tanquam
383 1922 523 1946 aurum
557 1909 599 1945 111
631 1909 786 1945 fornace
818 1909 1001 1957 probavit
1031 1922 1095 1945 eos
1114 1923 1122 1946 z
1151 1913 1189 1946 et
1223 1909 1333 1958 quasi
1353 1909 1578 1945 holocausta
1611 1908 1759 1957 accepit

161 1963 259 1999 illos.

245 2015 486 2054 Commnnz’o.

241 2071 392 2107 Anima
411 2075 544 2107 nostra
563 2071 664 2107 sicut
684 2083 814 2119 passer
833 2075 965 2119 erepta
985 2075 1042 2107 est
1062 2071 1108 2107 de
1128 2070 1266 2119 laqueo
1286 2069 1528 2107 venantium.

245 2123 485 2161 Communio.

243 2178 327 2227 Ego
347 2191 431 2214 sum
452 2178 545 2215 vitis
576 2191 669 2215 vera
701 2182 740 2214 013
769 2191 839 2214 vos
865 2178 1056 2226 palmites,
1080 2178 1148 2226 qui
1167 2181 1300 2214 manet
1327 2177 1369 2213 in
1397 2190 1459 2213 me
1478 2181 1518 2213 et
1537 2189 1607 2226 ego
1626 2176 1669 2212 in
1689 2186 1760 2216 0οἷ

162 2232 226 2268 1110
245 2231 321 2268 fert
339 2233 511 2268 fructum
530 2232 711 2278 multum,
733 2231 913 2281 alleluya,
934 2232 1112 2280 alleluya.

246 2284 487 2322 Conwnnnio.

246 2339 477 2388 Quicunque
495 2339 630 2376 fecerit
648 2339 893 2376 voluntatem
914 2339 1044 2375 Patris
1067 2339 1144 2375 mei
1163 2339 1231 2387 qui
1249 2338 1291 2374 in
1311 2338 1414 2375 caelis
1433 2342 1492 2375 est
1508 2352 1516 2375 :
1545 2338 1626 2387 ipse
1646 2350 1756 2374 meus

162 2393 283 2430 frater
302 2397 341 2430 et
360 2407 468 2429 soror
487 2397 526 2430 et
544 2397 670 2430 mater
688 2397 758 2440 est,
779 2394 875 2430 dicit
895 2393 1100 2431 Dominus.

246 2446 487 2484 Oommnnio.

244 2501 343 2537 Dico
363 2505 496 2538 autem
516 2501 627 2537 vobis
645 2501 779 2538 amicis
807 2501 926 2538 meis:
955 2514 1004 2537 110
1030 2499 1258 2537 terreamini
1285 2501 1334 2536 ab
1362 2500 1423 2536 his
1452 2500 1519 2550 qui
1538 2513 1606 2537 vos
1634 2513 1758 2550 perse—

163 2559 349 2603 quuntur.

247 2608 487 2646 C'ommnnio.

246 2662 359 2707 Quod
388 2663 474 2699 dico
504 2662 615 2699 vobis
644 2662 687 2698 in
716 2663 900 2708 tenebris,
932 2663 1050 2699 dicite
1079 2662 1122 2698 in
1151 2661 1311 2708 lumine,
1342 2661 1437 2699 dicit
1469 2662 1688 2700 Dominus:
1718 2666 1757 2699 et

162 2716 267 2763 quod
287 2717 326 2752 111
346 2729 439 2752 aure
459 2717 616 2763 auditis,
646 2717 853 2765 praedicate
872 2730 988 2766 super
1006 2720 1119 2753 tecta.

247 2768 487 2807 Communio.

246 2822 422 2860 Gaudete
435 2824 537 2873 justi
555 2824 598 2860 111
617 2824 801 2871 Domino,
821 2823 989 2874 alleluya
1006 2838 1013 2860 :
1041 2827 1165 2860 rectos
1184 2824 1293 2861 decet
1312 2823 1557 2870 collaudatio,
1574 2823 1755 2874 alleluya.

249 2875 484 2915 Communio.

246 2930 364 2979 Signa
383 2944 446 2967 eos
465 2931 533 2981 qui
552 2931 594 2967 111
613 2945 674 2968 1110
693 2932 850 2968 credent
869 2932 950 2968 haec
970 2936 1204 2982 sequentur:
1229 2931 1419 2970 daemonia
1438 2931 1593 2981 ejicient
1609 2945 1619 2979 3
1642 2944 1758 2981 Super

167 2994 288 3031 aegros
305 2997 443 3022 manus
462 2985 676 3035 imponent,
698 2990 737 3023 et
756 2987 854 3023 bene
873 2986 1083 3024 habebunt.
