1979 3348
802 207 927 249 Festa
960 205 1159 250 Octobris.
1691 206 1773 250 117

188 321 343 354 tuorum
391 330 557 366 quorum
607 316 779 366 reliquiae
825 317 866 353 in
913 316 1093 366 praesenti
1138 315 1383 365 requiescunt
1429 314 1586 352 ecclesia
1631 315 1770 351 merita

187 370 362 419 gloriosa,
383 375 428 407 ut
447 383 580 406 eorum
600 371 674 419 piis
697 370 1037 408 intercessionibus
1066 370 1115 406 ab
1146 368 1327 406 omnibus
1355 381 1504 418 semper
1522 372 1770 418 protegamur

189 424 370 461 adversis.
430 424 506 460 Per
525 424 751 460 Dominum.

266 477 454 525 Epistola.
513 477 572 513 Hi
591 482 683 513 sunt
702 477 779 513 viri
797 476 1079 514 misericordiae.

269 530 443 567 GmdaZe.
504 530 781 567 Exsultabunt.

265 584 460 632 Alleluya.
528 584 563 620 Γ.
595 585 622 621 J
625 585 703 620 usti
722 583 938 633 epulentur.

261 637 475 685 sequentia.
535 637 678 673 Mundi
696 642 820 683 :et-ate,
841 643 884 673 ut
904 637 948 673 in
967 637 1106 673 Natali
1118 636 1385 685 plurimorum
1405 634 1670 684 confi-ssorum.

264 691 527 739 ln'zwzyelium.
586 691 832 728 Descendens
849 690 877 727 J
880 703 966 727 esus
985 690 1032 727 de
1050 694 1192 727 monte.

263 744 396 782 Credo.

263 798 517 844 Qffkrtorz‘um.
576 798 854 834 Exsultabunt.

263 852 420 889 Secreta.

260 904 453 954 Suscipiat
471 904 595 953 pietas
625 909 705 948 tua,
735 917 964 952 quaesumus,
987 904 1167 949 Domine,
1187 904 1235 940 de
1258 904 1437 940 manibus
1456 902 1601 939 nostris
1620 914 1764 938 munus

178 958 363 1003 oblatum,
385 962 423 995 et
442 971 510 1007 per
528 958 777 1007 praesentium
792 962 1014 994 sanctorum
1030 958 1222 994 orationes
1237 958 1285 994 ab
1301 957 1481 994 omnibus
1494 969 1565 993 nos
1579 955 1764 992 emundet

178 1012 353 1060 peccatis.
413 1011 498 1048 Per.

258 1064 496 1102 Communia
555 1065 582 1101 J
586 1068 763 1101 ustorum
782 1064 932 1101 anjmae.

257 1118 574 1155 Postcowwnunio.

253 1172 399 1209 Divina
431 1172 597 1208 libantes
626 1171 823 1220 mysteria,
846 1184 931 1221 quae
961 1185 1031 1220 pro
1065 1171 1316 1221 praesentium
1348 1175 1572 1208 sanctorum
1604 1182 1761 1207 venera-

174 1226 280 1262 tione
310 1230 387 1262 tuae
420 1225 634 1262 obtulimus
666 1226 874 1274 majestati,
904 1230 1055 1275 praesta,
1087 1238 1319 1274 quaesumus‚
1354 1229 1401 1261 ut
1430 1238 1499 1275 per
1530 1238 1574 1261 ea
1604 1224 1760 1261 veniam

173 1292 390 1316 mereamur
408 1283 664 1329 peccatorum,
686 1283 725 1315 et
744 1279 905 1315 caelestis
923 1279 1059 1329 gratiae
1080 1279 1192 1315 donis
1211 1280 1441 1316 reficiamur.
1500 1278 1586 1316 Per.

226 1417 393 1454 SANCTAE
420 1417 739 1461 AUSTREBERTAE,
769 1427 950 1454 VIRGINIS
978 1428 1058 1454 NON
1087 1427 1300 1453 MARTYRIS.
1361 1415 1459 1465 (xiii.
1484 1414 1576 1452 Kal.
1599 1414 1719 1459 Nov.)

253 1503 437 1550 Officium.
495 1503 694 1540 Dilexisti.

251 1557 392 1593 Oratio.
452 1557 708 1605 Omnipotens
728 1556 961 1605 sempiterne
981 1556 1099 1593 Deus.

249 1610 432 1658 Epistola.
492 1610 660 1646 Domine
680 1610 787 1646 Deus
807 1623 925 1646 meus.

251 1663 427 1701 Cio-(adala
486 1663 640 1700 Diffusa
659 1667 728 1701 est.

246 1717 442 1766 Alleluya.
509 1717 545 1754 V.
578 1717 771 1753 AEmulor.

244 1771 510 1819 Eranfselizmz.
570 1770 703 1807 Simile
723 1774 781 1807 est
800 1783 965 1820 regnum
985 1770 1165 1807 eaelorum
1185 1769 1316 1808 decem
1335 1770 1568 1819 virginibus.

247 1824 499 1871 Offbrtorium.
558 1824 670 1860 Filiae
690 1837 833 1873 regum.

246 1878 486 1916 Communia
546 1878 727 1927 Quinque
746 1878 967 1928 prudentes.

279 2015 329 2051 IN
358 2015 488 2052 FESTO
517 2014 717 2052 UNDEom
748 2015 939 2052 MILLIUM
968 2015 1224 2053 VIRGINUM.'³³'
1287 2015 1371 2066 (xii.
1395 2015 1485 2052 Kal.
1509 2015 1633 2066 Nov.)

244 2102 428 2152 Officium.
487 2103 658 2140 Vultum
677 2107 802 2140 tuum.

247 2157 389 2194 Oratio.

244 2210 363 2257 Deus,
396 2211 464 2259 qui
500 2215 673 2247 sanctam
710 2211 821 2247 nobis
858 2211 976 2260 hujus
1013 2211 1091 2248 diei
1119 2211 1420 2248 sollemnitatem
1447 2224 1518 2260 pro
1547 2211 1750 2248 beatarum

160 2264 358 2313 virginum
378 2269 674 2313 martyrumque
694 2268 852 2300 tuarum
871 2265 1037 2314 gloriosa
1061 2265 1238 2314 passione
1263 2265 1390 2301 fecisti
1406 2279 1412 2302 :
1442 2265 1573 2302 adesto
1592 2265 1748 2301 familiae

159 2322 237 2355 tuae
257 2318 446 2367 precibus,
467 2322 506 2354 et
525 2318 574 2354 da
594 2322 638 2354 ut
658 2331 824 2367 quarum
848 2318 963 2355 hodie
988 2318 1086 2356 festa
1114 2319 1363 2365 celebramus,
1385 2331 1519 2355 earum
1538 2319 1687 2356 meritis
1707 2322 1747 2355 et

160 2371 502 2409 intercessionibus
521 2371 761 2420 adjuvemur.
819 2372 904 2409 Per.

239 2426 424 2474 Epistola.
485 2425 545 2461 De
564 2426 795 2474 virginibus,

240 2479 416 2516 G'mrlale.
475 2479 755 2524 Exsultabunt‚
776 2479 820 2515 in
842 2479 1050 2517 Communi
1062 2479 1327 2528 plurimorum
1346 2486 1577 2529 martyrum.

237 2533 433 2581 Alleluya.
500 2533 537 2569 V.
568 2532 829 2569 Adducentur
862 2534 944 2583 regi
980 2534 1151 2583 virgines
1180 2538 1269 2583 post
1302 2547 1387 2571 eam
1406 2548 1414 2572 :
1443 2534 1631 2584 proximae
1662 2534 1746 2583 ejus

157 2586 231 2622 tibi
251 2587 464 2622 offerentur
482 2586 523 2622 in
543 2586 690 2624 laetitia.

235 2639 452 2687 Sequentia.

159 2692 389 2742 Scrupulosa
409 2693 666 2742 quorumdam
685 2693 878 2730 sententia

158 2746 372 2783 Mulierum
393 2747 522 2783 subita
538 2747 621 2783 fore
639 2751 732 2783 vota

157 2799 302 2836 Merito
321 2801 499 2837 redditur
518 2801 751 2846 evacuanda,

157 2853 265 2890 Dum
282 2855 511 2891 instantiam
530 2855 659 2904 capiat
678 2854 822 2904 regula.

234 2950 250 2964 ³*
273 2950 353 2980 This
368 2951 456 2980 Mass
470 2951 498 2980 is
513 2951 647 2980 omitted
662 2951 695 2979 in
710 2950 779 2979 MS.
797 2950 836 2985 G,
851 2951 912 2980 and
928 2950 980 2980 the
996 2950 1094 2981 Feast
1110 2951 1143 2980 in
1158 2951 1210 2981 the
1226 2951 1381 2981 Calendar
1396 2950 1428 2980 of
1443 2950 1510 2980 that
1526 2949 1595 2979 MS.
