<?xml version="1.0" encoding="UTF-8"?>
<!DOCTYPE html PUBLIC "-//W3C//DTD XHTML 1.0 Transitional//EN"
    "http://www.w3.org/TR/xhtml1/DTD/xhtml1-transitional.dtd">
<html xmlns="http://www.w3.org/1999/xhtml" xml:lang="en" lang="en">
 <head>
  <title>
</title>
<meta http-equiv="Content-Type" content="text/html;charset=utf-8" />
  <meta name='ocr-system' content='tesseract 3.04.00' />
  <meta name='ocr-capabilities' content='ocr_page ocr_carea ocr_par ocr_line ocrx_word'/>
</head>
<body>
  <div class='ocr_page' id='page_1' title='image "./missaleadusumins02cath_0099.png"; bbox 0 0 1979 3348; ppageno 0'>
   <div class='ocr_carea' id='block_1_1' title="bbox 771 195 1709 244">
    <p class='ocr_par' dir='ltr' id='par_1_1' title="bbox 771 195 1709 244">
     <span class='ocr_line' id='line_1_1' title="bbox 771 195 1709 244; baseline -0.003 -6"><span class='ocrx_word' id='word_1_1' title='bbox 771 196 899 238; x_wconf 73' lang='lat' dir='ltr'>Festa</span> <span class='ocrx_word' id='word_1_2' title='bbox 926 195 964 238; x_wconf 89' lang='lat' dir='ltr'><em>J</em></span> <span class='ocrx_word' id='word_1_3' title='bbox 961 195 1063 238; x_wconf 63' lang='lat' dir='ltr'>ulii.</span> <span class='ocrx_word' id='word_1_4' title='bbox 1656 199 1709 244; x_wconf 88' lang='lat'>71</span> 
     </span>
    </p>
   </div>
   <div class='ocr_carea' id='block_1_2' title="bbox 211 305 1348 567">
    <p class='ocr_par' dir='ltr' id='par_1_2' title="bbox 211 305 998 356">
     <span class='ocr_line' id='line_1_2' title="bbox 211 305 998 356; baseline 0 -13"><span class='ocrx_word' id='word_1_5' title='bbox 211 305 399 355; x_wconf 70' lang='lat' dir='ltr'>Epistola.</span> <span class='ocrx_word' id='word_1_6' title='bbox 456 306 787 343; x_wconf 67' lang='lat' dir='ltr'>Rememoramini</span> <span class='ocrx_word' id='word_1_7' title='bbox 805 306 998 356; x_wconf 84' lang='lat' dir='ltr'>pristinos.</span> 
     </span>
    </p>

    <p class='ocr_par' dir='ltr' id='par_1_3' title="bbox 215 359 687 397">
     <span class='ocr_line' id='line_1_3' title="bbox 215 359 687 397; baseline -0.002 0"><span class='ocrx_word' id='word_1_8' title='bbox 215 359 391 397; x_wconf 70' lang='lat' dir='ltr'>Gradale.</span> <span class='ocrx_word' id='word_1_9' title='bbox 450 359 687 397; x_wconf 77' lang='lat' dir='ltr'>Sacerdotes.</span> 
     </span>
    </p>

    <p class='ocr_par' dir='ltr' id='par_1_4' title="bbox 211 413 1008 462">
     <span class='ocr_line' id='line_1_4' title="bbox 211 413 1008 462; baseline 0 -12"><span class='ocrx_word' id='word_1_10' title='bbox 211 413 407 462; x_wconf 84' lang='lat' dir='ltr'>Alleluya.</span> <span class='ocrx_word' id='word_1_11' title='bbox 473 413 511 451; x_wconf 84' lang='lat' dir='ltr'>V.</span> <span class='ocrx_word' id='word_1_12' title='bbox 543 413 740 462; x_wconf 84' lang='lat' dir='ltr'>Disposui.</span> <span class='ocrx_word' id='word_1_13' title='bbox 1006 453 1008 455; x_wconf 66' lang='lat'>‚</span> 
     </span>
    </p>

    <p class='ocr_par' dir='ltr' id='par_1_5' title="bbox 213 466 1348 567">
     <span class='ocr_line' id='line_1_5' title="bbox 213 466 1348 516; baseline 0 -12"><span class='ocrx_word' id='word_1_14' title='bbox 213 466 480 515; x_wconf 73' lang='lat' dir='ltr'>Evanqclium.</span> <span class='ocrx_word' id='word_1_15' title='bbox 538 466 741 516; x_wconf 87' lang='lat' dir='ltr'>Loquente</span> <span class='ocrx_word' id='word_1_16' title='bbox 759 467 788 504; x_wconf 82' lang='lat' dir='ltr'>J</span> <span class='ocrx_word' id='word_1_17' title='bbox 791 480 858 503; x_wconf 87' lang='lat' dir='ltr'>esu</span> <span class='ocrx_word' id='word_1_18' title='bbox 876 466 926 504; x_wconf 87' lang='lat' dir='ltr'>ad</span> <span class='ocrx_word' id='word_1_19' title='bbox 943 466 1091 513; x_wconf 74' lang='lat' dir='ltr'>turbas,</span> <span class='ocrx_word' id='word_1_20' title='bbox 1111 478 1195 504; x_wconf 87' lang='lat' dir='ltr'>ecee</span> <span class='ocrx_word' id='word_1_21' title='bbox 1214 470 1348 504; x_wconf 84' lang='lat' dir='ltr'>mater.</span> 
     </span>
     <span class='ocr_line' id='line_1_6' title="bbox 215 519 747 567; baseline 0 -10"><span class='ocrx_word' id='word_1_22' title='bbox 215 519 470 567; x_wconf 74' lang='lat' dir='ltr'>Offertorium.</span> <span class='ocrx_word' id='word_1_23' title='bbox 528 520 747 557; x_wconf 81' lang='lat' dir='ltr'>Laetamini.</span> 
     </span>
    </p>
   </div>
   <div class='ocr_carea' id='block_1_3' title="bbox 208 573 1713 676">
    <p class='ocr_par' dir='ltr' id='par_1_6' title="bbox 208 573 1713 676">
     <span class='ocr_line' id='line_1_7' title="bbox 208 573 1713 676; baseline 0.001 -12"><span class='ocrx_word' id='word_1_24' title='bbox 208 573 383 676; x_wconf 55' lang='lat' dir='ltr'>{egggpctia</span> <span class='ocrx_word' id='word_1_25' title='bbox 411 627 462 664; x_wconf 88' lang='lat' dir='ltr'>sit</span> <span class='ocrx_word' id='word_1_26' title='bbox 489 627 532 663; x_wconf 90' lang='lat' dir='ltr'>in</span> <span class='ocrx_word' id='word_1_27' title='bbox 561 630 767 676; x_wconf 89' lang='lat' dir='ltr'>conspectu</span> <span class='ocrx_word' id='word_1_28' title='bbox 784 631 865 673; x_wconf 91' lang='lat' dir='ltr'>tuo,</span> <span class='ocrx_word' id='word_1_29' title='bbox 887 627 1068 673; x_wconf 79' lang='lat' dir='ltr'>Domine,</span> <span class='ocrx_word' id='word_1_30' title='bbox 1086 630 1229 664; x_wconf 82' lang='lat' dir='ltr'>nostrae</span> <span class='ocrx_word' id='word_1_31' title='bbox 1248 627 1467 665; x_wconf 87' lang='lat' dir='ltr'>devotionis</span> <span class='ocrx_word' id='word_1_32' title='bbox 1494 627 1652 675; x_wconf 86' lang='lat' dir='ltr'>oblatio,</span> <span class='ocrx_word' id='word_1_33' title='bbox 1673 631 1713 665; x_wconf 91' lang='lat' dir='ltr'>et</span> 
     </span>
    </p>
   </div>
   <div class='ocr_carea' id='block_1_4' title="bbox 128 680 1716 1415">
    <p class='ocr_par' dir='ltr' id='par_1_7' title="bbox 129 680 1644 730">
     <span class='ocr_line' id='line_1_8' title="bbox 129 680 1644 730; baseline 0.001 -13"><span class='ocrx_word' id='word_1_34' title='bbox 129 681 213 730; x_wconf 88' lang='lat' dir='ltr'>ejus</span> <span class='ocrx_word' id='word_1_35' title='bbox 231 681 341 717; x_wconf 88' lang='lat' dir='ltr'>nobis</span> <span class='ocrx_word' id='word_1_36' title='bbox 360 681 429 717; x_wconf 86' lang='lat' dir='ltr'>fiat</span> <span class='ocrx_word' id='word_1_37' title='bbox 448 681 730 730; x_wconf 69' lang='lat' dir='ltr'>supplicatione</span> <span class='ocrx_word' id='word_1_38' title='bbox 749 680 942 726; x_wconf 63' lang='lat' dir='ltr'>salutaris,</span> <span class='ocrx_word' id='word_1_39' title='bbox 962 693 1033 730; x_wconf 88' lang='lat' dir='ltr'>pro</span> <span class='ocrx_word' id='word_1_40' title='bbox 1051 680 1163 729; x_wconf 87' lang='lat' dir='ltr'>cujus</span> <span class='ocrx_word' id='word_1_41' title='bbox 1181 681 1442 718; x_wconf 71' lang='lat' dir='ltr'>sollemnitate</span> <span class='ocrx_word' id='word_1_42' title='bbox 1461 681 1644 718; x_wconf 88' lang='lat' dir='ltr'>defertur.</span> 
     </span>
    </p>

    <p class='ocr_par' dir='ltr' id='par_1_8' title="bbox 210 733 482 772">
     <span class='ocr_line' id='line_1_9' title="bbox 210 733 482 772; baseline 0.007 -2"><span class='ocrx_word' id='word_1_43' title='bbox 210 733 306 771; x_wconf 73' lang='lat' dir='ltr'>Alia</span> <span class='ocrx_word' id='word_1_44' title='bbox 323 734 482 772; x_wconf 74' lang='lat' dir='ltr'>Secreta.</span> 
     </span>
    </p>

    <p class='ocr_par' dir='ltr' id='par_1_9' title="bbox 129 787 1713 945">
     <span class='ocr_line' id='line_1_10' title="bbox 209 787 1710 838; baseline 0.001 -14"><span class='ocrx_word' id='word_1_45' title='bbox 209 787 373 824; x_wconf 87' lang='lat' dir='ltr'>Hostias</span> <span class='ocrx_word' id='word_1_46' title='bbox 404 788 488 834; x_wconf 87' lang='lat' dir='ltr'>tibi,</span> <span class='ocrx_word' id='word_1_47' title='bbox 511 788 691 833; x_wconf 79' lang='lat' dir='ltr'>Domine,</span> <span class='ocrx_word' id='word_1_48' title='bbox 712 801 782 836; x_wconf 88' lang='lat' dir='ltr'>pro</span> <span class='ocrx_word' id='word_1_49' title='bbox 801 791 1023 823; x_wconf 88' lang='lat' dir='ltr'>sanctorum</span> <span class='ocrx_word' id='word_1_50' title='bbox 1054 791 1273 836; x_wconf 82' lang='lat' dir='ltr'>martyrum</span> <span class='ocrx_word' id='word_1_51' title='bbox 1304 792 1474 835; x_wconf 79' lang='lat' dir='ltr'>tuorum,</span> <span class='ocrx_word' id='word_1_52' title='bbox 1507 788 1710 838; x_wconf 83' lang='lat' dir='ltr'>Simplicii,</span> 
     </span>
     <span class='ocr_line' id='line_1_11' title="bbox 129 840 1713 892; baseline 0.001 -15"><span class='ocrx_word' id='word_1_53' title='bbox 129 841 322 887; x_wconf 82' lang='lat' dir='ltr'>Faustini,</span> <span class='ocrx_word' id='word_1_54' title='bbox 360 846 400 878; x_wconf 89' lang='lat' dir='ltr'>et</span> <span class='ocrx_word' id='word_1_55' title='bbox 433 841 622 878; x_wconf 86' lang='lat' dir='ltr'>Beatricis</span> <span class='ocrx_word' id='word_1_56' title='bbox 659 841 1022 877; x_wconf 78' lang='lat' dir='ltr'>commemoratione</span> <span class='ocrx_word' id='word_1_57' title='bbox 1058 840 1266 878; x_wconf 87' lang='lat' dir='ltr'>deferimus</span> <span class='ocrx_word' id='word_1_58' title='bbox 1280 855 1290 888; x_wconf 75' lang='lat'><em>3</em></span> <span class='ocrx_word' id='word_1_59' title='bbox 1322 842 1551 892; x_wconf 75' lang='lat' dir='ltr'>suppliciter</span> <span class='ocrx_word' id='word_1_60' title='bbox 1583 843 1713 892; x_wconf 87' lang='lat' dir='ltr'>depre-</span> 
     </span>
     <span class='ocr_line' id='line_1_12' title="bbox 129 893 1547 945; baseline 0.001 -13"><span class='ocrx_word' id='word_1_61' title='bbox 129 898 271 940; x_wconf 81' lang='lat' dir='ltr'>cantes,</span> <span class='ocrx_word' id='word_1_62' title='bbox 292 900 337 931; x_wconf 88' lang='lat' dir='ltr'>ut</span> <span class='ocrx_word' id='word_1_63' title='bbox 355 895 640 945; x_wconf 76' lang='lat' dir='ltr'>indulgentiam</span> <span class='ocrx_word' id='word_1_64' title='bbox 659 894 770 930; x_wconf 88' lang='lat' dir='ltr'>nobis</span> <span class='ocrx_word' id='word_1_65' title='bbox 789 895 934 943; x_wconf 88' lang='lat' dir='ltr'>pariter</span> <span class='ocrx_word' id='word_1_66' title='bbox 952 893 1152 932; x_wconf 88' lang='lat' dir='ltr'>conferant</span> <span class='ocrx_word' id='word_1_67' title='bbox 1171 899 1210 932; x_wconf 91' lang='lat' dir='ltr'>et</span> <span class='ocrx_word' id='word_1_68' title='bbox 1228 896 1401 933; x_wconf 90' lang='lat' dir='ltr'>salutem.</span> <span class='ocrx_word' id='word_1_69' title='bbox 1461 895 1547 933; x_wconf 87' lang='lat' dir='ltr'>Per.</span> 
     </span>
    </p>

    <p class='ocr_par' dir='ltr' id='par_1_10' title="bbox 211 947 882 986">
     <span class='ocr_line' id='line_1_13' title="bbox 211 947 882 986; baseline -0.003 0"><span class='ocrx_word' id='word_1_70' title='bbox 211 947 450 986; x_wconf 68' lang='lat' dir='ltr'>Communia</span> <span class='ocrx_word' id='word_1_71' title='bbox 507 948 533 985; x_wconf 84' lang='lat' dir='ltr'>J</span> <span class='ocrx_word' id='word_1_72' title='bbox 537 952 715 985; x_wconf 86' lang='lat' dir='ltr'>ustorum</span> <span class='ocrx_word' id='word_1_73' title='bbox 734 949 882 985; x_wconf 76' lang='lat' dir='ltr'>animae.</span> 
     </span>
    </p>

    <p class='ocr_par' dir='ltr' id='par_1_11' title="bbox 209 1001 527 1039">
     <span class='ocr_line' id='line_1_14' title="bbox 209 1001 527 1039; baseline -0.003 0"><span class='ocrx_word' id='word_1_74' title='bbox 209 1001 527 1039; x_wconf 68' lang='lat' dir='ltr'>Postcommunio.</span> 
     </span>
    </p>

    <p class='ocr_par' dir='ltr' id='par_1_12' title="bbox 129 1054 1709 1158">
     <span class='ocr_line' id='line_1_15' title="bbox 209 1054 1709 1104; baseline 0.001 -12"><span class='ocrx_word' id='word_1_75' title='bbox 209 1055 364 1092; x_wconf 85' lang='lat' dir='ltr'>Refecti</span> <span class='ocrx_word' id='word_1_76' title='bbox 403 1055 700 1104; x_wconf 76' lang='lat' dir='ltr'>participatione</span> <span class='ocrx_word' id='word_1_77' title='bbox 741 1055 913 1091; x_wconf 88' lang='lat' dir='ltr'>muneris</span> <span class='ocrx_word' id='word_1_78' title='bbox 956 1054 1065 1102; x_wconf 87' lang='lat' dir='ltr'>sacri,</span> <span class='ocrx_word' id='word_1_79' title='bbox 1112 1068 1342 1104; x_wconf 72' lang='lat' dir='ltr'>quaesumus,</span> <span class='ocrx_word' id='word_1_80' title='bbox 1381 1056 1551 1093; x_wconf 87' lang='lat' dir='ltr'>Domine</span> <span class='ocrx_word' id='word_1_81' title='bbox 1602 1056 1709 1093; x_wconf 89' lang='lat' dir='ltr'>Deus</span> 
     </span>
     <span class='ocr_line' id='line_1_16' title="bbox 129 1109 1344 1158; baseline 0.002 -13"><span class='ocrx_word' id='word_1_82' title='bbox 129 1112 269 1155; x_wconf 88' lang='lat' dir='ltr'>noster,</span> <span class='ocrx_word' id='word_1_83' title='bbox 291 1113 337 1145; x_wconf 89' lang='lat' dir='ltr'>ut</span> <span class='ocrx_word' id='word_1_84' title='bbox 355 1110 464 1158; x_wconf 88' lang='lat' dir='ltr'>cujus</span> <span class='ocrx_word' id='word_1_85' title='bbox 484 1109 732 1158; x_wconf 75' lang='lat' dir='ltr'>exsequimur</span> <span class='ocrx_word' id='word_1_86' title='bbox 750 1109 902 1145; x_wconf 89' lang='lat' dir='ltr'>cultum</span> <span class='ocrx_word' id='word_1_87' title='bbox 921 1109 1134 1146; x_wconf 83' lang='lat' dir='ltr'>sentiamus</span> <span class='ocrx_word' id='word_1_88' title='bbox 1154 1110 1344 1147; x_wconf 86' lang='lat' dir='ltr'>effectum.</span> 
     </span>
    </p>

    <p class='ocr_par' dir='ltr' id='par_1_13' title="bbox 209 1162 639 1200">
     <span class='ocr_line' id='line_1_17' title="bbox 209 1162 639 1200; baseline 0 -1"><span class='ocrx_word' id='word_1_89' title='bbox 209 1162 304 1199; x_wconf 76' lang='lat' dir='ltr'>Alia</span> <span class='ocrx_word' id='word_1_90' title='bbox 322 1163 639 1200; x_wconf 72' lang='lat' dir='ltr'>Postcommum&#39;o.</span> 
     </span>
    </p>

    <p class='ocr_par' dir='ltr' id='par_1_14' title="bbox 128 1215 1716 1415">
     <span class='ocr_line' id='line_1_18' title="bbox 209 1215 1708 1266; baseline -0.001 -13"><span class='ocrx_word' id='word_1_91' title='bbox 209 1216 369 1263; x_wconf 70' lang='lat' dir='ltr'>Praesta,</span> <span class='ocrx_word' id='word_1_92' title='bbox 384 1229 613 1266; x_wconf 74' lang='lat' dir='ltr'>quaesumus,</span> <span class='ocrx_word' id='word_1_93' title='bbox 629 1215 875 1264; x_wconf 89' lang='lat' dir='ltr'>omnipotens</span> <span class='ocrx_word' id='word_1_94' title='bbox 891 1216 1008 1263; x_wconf 87' lang='lat' dir='ltr'>Deus,</span> <span class='ocrx_word' id='word_1_95' title='bbox 1022 1220 1069 1253; x_wconf 89' lang='lat' dir='ltr'>ut</span> <span class='ocrx_word' id='word_1_96' title='bbox 1083 1219 1305 1253; x_wconf 86' lang='lat' dir='ltr'>sanctorum</span> <span class='ocrx_word' id='word_1_97' title='bbox 1324 1221 1483 1253; x_wconf 87' lang='lat' dir='ltr'>tuorum</span> <span class='ocrx_word' id='word_1_98' title='bbox 1504 1216 1708 1266; x_wconf 83' lang='lat' dir='ltr'>Simplicii,</span> 
     </span>
     <span class='ocr_line' id='line_1_19' title="bbox 130 1269 1716 1318; baseline 0.001 -12"><span class='ocrx_word' id='word_1_99' title='bbox 130 1269 322 1317; x_wconf 85' lang='lat' dir='ltr'>Faustini,</span> <span class='ocrx_word' id='word_1_100' title='bbox 350 1274 389 1306; x_wconf 94' lang='lat' dir='ltr'>et</span> <span class='ocrx_word' id='word_1_101' title='bbox 421 1270 611 1306; x_wconf 63' lang='lat' dir='ltr'>Beati-icis</span> <span class='ocrx_word' id='word_1_102' title='bbox 640 1269 856 1306; x_wconf 63' lang='lat' dir='ltr'>caelestibus</span> <span class='ocrx_word' id='word_1_103' title='bbox 883 1270 1079 1318; x_wconf 85' lang='lat' dir='ltr'>mysteriis</span> <span class='ocrx_word' id='word_1_104' title='bbox 1107 1270 1298 1307; x_wconf 83' lang='lat' dir='ltr'>celebrata</span> <span class='ocrx_word' id='word_1_105' title='bbox 1323 1271 1561 1307; x_wconf 81' lang='lat' dir='ltr'>sollemnitas</span> <span class='ocrx_word' id='word_1_106' title='bbox 1589 1270 1716 1307; x_wconf 86' lang='lat' dir='ltr'>indul-</span> 
     </span>
     <span class='ocr_line' id='line_1_20' title="bbox 128 1323 1715 1373; baseline 0.001 -13"><span class='ocrx_word' id='word_1_107' title='bbox 128 1323 301 1373; x_wconf 86' lang='lat' dir='ltr'>gentiam</span> <span class='ocrx_word' id='word_1_108' title='bbox 330 1324 441 1361; x_wconf 85' lang='lat' dir='ltr'>nobis</span> <span class='ocrx_word' id='word_1_109' title='bbox 466 1328 543 1360; x_wconf 87' lang='lat' dir='ltr'>tuae</span> <span class='ocrx_word' id='word_1_110' title='bbox 578 1323 868 1373; x_wconf 83' lang='lat' dir='ltr'>propitiationis</span> <span class='ocrx_word' id='word_1_111' title='bbox 898 1323 1083 1373; x_wconf 84' lang='lat' dir='ltr'>acquirat.</span> <span class='ocrx_word' id='word_1_112' title='bbox 1142 1323 1219 1361; x_wconf 89' lang='lat' dir='ltr'>Per</span> <span class='ocrx_word' id='word_1_113' title='bbox 1249 1324 1476 1362; x_wconf 87' lang='lat' dir='ltr'>Dominum.</span> <span class='ocrx_word' id='word_1_114' title='bbox 1533 1324 1613 1362; x_wconf 77' lang='lat' dir='ltr'>Sub</span> <span class='ocrx_word' id='word_1_115' title='bbox 1632 1338 1715 1362; x_wconf 75' lang='lat' dir='ltr'>una</span> 
     </span>
     <span class='ocr_line' id='line_1_21' title="bbox 131 1377 378 1415; baseline 0 0"><span class='ocrx_word' id='word_1_116' title='bbox 131 1377 378 1415; x_wconf 72' lang='lat' dir='ltr'>conclusione.</span> 
     </span>
    </p>
   </div>
   <div class='ocr_carea' id='block_1_5' title="bbox 247 1506 1598 1559">
    <p class='ocr_par' dir='ltr' id='par_1_15' title="bbox 247 1506 1598 1559">
     <span class='ocr_line' id='line_1_22' title="bbox 247 1506 1598 1559; baseline 0.001 -15"><span class='ocrx_word' id='word_1_117' title='bbox 247 1507 492 1545; x_wconf 78' lang='lat' dir='ltr'><strong>SANOTORUM</strong></span> <span class='ocrx_word' id='word_1_118' title='bbox 520 1518 747 1544; x_wconf 80' lang='lat' dir='ltr'><strong>MARTYRUM</strong></span> <span class='ocrx_word' id='word_1_119' title='bbox 775 1507 925 1545; x_wconf 77' lang='lat' dir='ltr'>ABDoN</span> <span class='ocrx_word' id='word_1_120' title='bbox 954 1518 1003 1544; x_wconf 79' lang='grc' dir='ltr'>ΕΤ</span> <span class='ocrx_word' id='word_1_121' title='bbox 1031 1506 1204 1544; x_wconf 76' lang='lat' dir='ltr'>SENNEN.</span> <span class='ocrx_word' id='word_1_122' title='bbox 1265 1507 1334 1558; x_wconf 86' lang='lat' dir='ltr'>(iii.</span> <span class='ocrx_word' id='word_1_123' title='bbox 1359 1507 1450 1546; x_wconf 85' lang='lat' dir='ltr'>Kal.</span> <span class='ocrx_word' id='word_1_124' title='bbox 1473 1507 1598 1559; x_wconf 86' lang='lat' dir='ltr'>Aug.)</span> 
     </span>
    </p>
   </div>
   <div class='ocr_carea' id='block_1_6' title="bbox 124 1590 1718 2542">
    <p class='ocr_par' dir='ltr' id='par_1_16' title="bbox 212 1590 594 1639">
     <span class='ocr_line' id='line_1_23' title="bbox 212 1590 594 1639; baseline 0.003 -11"><span class='ocrx_word' id='word_1_125' title='bbox 212 1590 395 1639; x_wconf 74' lang='lat' dir='ltr'>Officium.</span> <span class='ocrx_word' id='word_1_126' title='bbox 453 1591 594 1629; x_wconf 87' lang='lat' dir='ltr'>Intret.</span> 
     </span>
    </p>

    <p class='ocr_par' dir='ltr' id='par_1_17' title="bbox 212 1644 355 1682">
     <span class='ocr_line' id='line_1_24' title="bbox 212 1644 355 1682; baseline 0 -1"><span class='ocrx_word' id='word_1_127' title='bbox 212 1644 355 1682; x_wconf 73' lang='lat' dir='ltr'>Oratio.</span> 
     </span>
    </p>

    <p class='ocr_par' dir='ltr' id='par_1_18' title="bbox 126 1697 1718 1898">
     <span class='ocr_line' id='line_1_25' title="bbox 208 1697 1718 1748; baseline 0 -13"><span class='ocrx_word' id='word_1_128' title='bbox 208 1698 328 1745; x_wconf 91' lang='lat' dir='ltr'>Deus,</span> <span class='ocrx_word' id='word_1_129' title='bbox 349 1698 418 1748; x_wconf 88' lang='lat' dir='ltr'>qui</span> <span class='ocrx_word' id='word_1_130' title='bbox 445 1699 588 1735; x_wconf 83' lang='lat' dir='ltr'>sanctis</span> <span class='ocrx_word' id='word_1_131' title='bbox 616 1698 696 1735; x_wconf 85' lang='lat' dir='ltr'>tuis</span> <span class='ocrx_word' id='word_1_132' title='bbox 714 1698 860 1734; x_wconf 87' lang='lat' dir='ltr'>Abdon</span> <span class='ocrx_word' id='word_1_133' title='bbox 887 1701 927 1734; x_wconf 91' lang='lat' dir='ltr'>et</span> <span class='ocrx_word' id='word_1_134' title='bbox 956 1697 1111 1734; x_wconf 81' lang='lat' dir='ltr'>Sennen</span> <span class='ocrx_word' id='word_1_135' title='bbox 1138 1697 1187 1734; x_wconf 89' lang='lat' dir='ltr'>ad</span> <span class='ocrx_word' id='word_1_136' title='bbox 1215 1697 1314 1734; x_wconf 89' lang='lat' dir='ltr'>hanc</span> <span class='ocrx_word' id='word_1_137' title='bbox 1342 1697 1506 1748; x_wconf 86' lang='lat' dir='ltr'>gloriam</span> <span class='ocrx_word' id='word_1_138' title='bbox 1533 1698 1718 1735; x_wconf 83' lang='lat' dir='ltr'>veniendi</span> 
     </span>
     <span class='ocr_line' id='line_1_26' title="bbox 126 1751 1716 1802; baseline 0 -13"><span class='ocrx_word' id='word_1_139' title='bbox 126 1752 323 1801; x_wconf 89' lang='lat' dir='ltr'>copiosum</span> <span class='ocrx_word' id='word_1_140' title='bbox 350 1765 493 1789; x_wconf 89' lang='lat' dir='ltr'>munus</span> <span class='ocrx_word' id='word_1_141' title='bbox 521 1752 656 1802; x_wconf 73' lang='lat' dir='ltr'>gratiae</span> <span class='ocrx_word' id='word_1_142' title='bbox 684 1751 885 1788; x_wconf 85' lang='lat' dir='ltr'>contulisti</span> <span class='ocrx_word' id='word_1_143' title='bbox 898 1765 908 1798; x_wconf 78' lang='lat'>3</span> <span class='ocrx_word' id='word_1_144' title='bbox 942 1751 991 1787; x_wconf 90' lang='lat' dir='ltr'>da</span> <span class='ocrx_word' id='word_1_145' title='bbox 1018 1751 1176 1788; x_wconf 83' lang='lat' dir='ltr'>famulis</span> <span class='ocrx_word' id='word_1_146' title='bbox 1203 1752 1283 1788; x_wconf 88' lang='lat' dir='ltr'>tuis</span> <span class='ocrx_word' id='word_1_147' title='bbox 1312 1756 1536 1789; x_wconf 89' lang='lat' dir='ltr'>nostrorum</span> <span class='ocrx_word' id='word_1_148' title='bbox 1559 1753 1716 1789; x_wconf 78' lang='lat' dir='ltr'>veniam</span> 
     </span>
     <span class='ocr_line' id='line_1_27' title="bbox 127 1805 1716 1853; baseline 0 -10"><span class='ocrx_word' id='word_1_149' title='bbox 127 1805 368 1853; x_wconf 73' lang='lat' dir='ltr'>delictorum,</span> <span class='ocrx_word' id='word_1_150' title='bbox 397 1811 444 1842; x_wconf 85' lang='lat' dir='ltr'>ut</span> <span class='ocrx_word' id='word_1_151' title='bbox 471 1810 693 1842; x_wconf 88' lang='lat' dir='ltr'>sanctorum</span> <span class='ocrx_word' id='word_1_152' title='bbox 722 1810 880 1842; x_wconf 88' lang='lat' dir='ltr'>tuorum</span> <span class='ocrx_word' id='word_1_153' title='bbox 912 1805 1243 1842; x_wconf 83' lang='lat' dir='ltr'>intercedentibus</span> <span class='ocrx_word' id='word_1_154' title='bbox 1272 1806 1435 1852; x_wconf 86' lang='lat' dir='ltr'>meritis,</span> <span class='ocrx_word' id='word_1_155' title='bbox 1460 1807 1509 1843; x_wconf 87' lang='lat' dir='ltr'>ab</span> <span class='ocrx_word' id='word_1_156' title='bbox 1538 1807 1716 1843; x_wconf 86' lang='lat' dir='ltr'>omnibus</span> 
     </span>
     <span class='ocr_line' id='line_1_28' title="bbox 127 1859 1232 1898; baseline 0.002 -2"><span class='ocrx_word' id='word_1_157' title='bbox 127 1873 345 1896; x_wconf 85' lang='lat' dir='ltr'>mereamur</span> <span class='ocrx_word' id='word_1_158' title='bbox 362 1860 663 1897; x_wconf 83' lang='lat' dir='ltr'>adversitatibus</span> <span class='ocrx_word' id='word_1_159' title='bbox 681 1860 849 1897; x_wconf 87' lang='lat' dir='ltr'>liberari.</span> <span class='ocrx_word' id='word_1_160' title='bbox 908 1859 984 1896; x_wconf 85' lang='lat' dir='ltr'>Per</span> <span class='ocrx_word' id='word_1_161' title='bbox 1006 1860 1232 1898; x_wconf 89' lang='lat' dir='ltr'>Dominum.</span> 
     </span>
    </p>

    <p class='ocr_par' dir='ltr' id='par_1_19' title="bbox 208 1913 396 1965">
     <span class='ocr_line' id='line_1_29' title="bbox 208 1913 396 1965; baseline 0.005 -16"><span class='ocrx_word' id='word_1_162' title='bbox 208 1913 396 1965; x_wconf 71' lang='lat' dir='ltr'>Epistola.</span> 
     </span>
    </p>

    <p class='ocr_par' dir='ltr' id='par_1_20' title="bbox 126 1966 1716 2058">
     <span class='ocr_line' id='line_1_30' title="bbox 207 1966 1716 2018; baseline 0.001 -15"><span class='ocrx_word' id='word_1_163' title='bbox 207 1967 443 2004; x_wconf 82' lang='lat' dir='ltr'>Benedictus</span> <span class='ocrx_word' id='word_1_164' title='bbox 489 1967 597 2004; x_wconf 89' lang='lat' dir='ltr'>Deus</span> <span class='ocrx_word' id='word_1_165' title='bbox 639 1971 678 2004; x_wconf 81' lang='lat' dir='ltr'>et</span> <span class='ocrx_word' id='word_1_166' title='bbox 718 1967 838 2004; x_wconf 87' lang='lat' dir='ltr'>Pater</span> <span class='ocrx_word' id='word_1_167' title='bbox 877 1967 1040 2004; x_wconf 80' lang='lat' dir='ltr'>Domini</span> <span class='ocrx_word' id='word_1_168' title='bbox 1082 1968 1207 2004; x_wconf 88' lang='lat' dir='ltr'>nostri</span> <span class='ocrx_word' id='word_1_169' title='bbox 1252 1967 1280 2004; x_wconf 86' lang='lat' dir='ltr'><strong>J</strong></span> <span class='ocrx_word' id='word_1_170' title='bbox 1283 1980 1349 2004; x_wconf 92' lang='lat' dir='ltr'>esu</span> <span class='ocrx_word' id='word_1_171' title='bbox 1397 1966 1557 2014; x_wconf 80' lang='lat' dir='ltr'>Christi,</span> <span class='ocrx_word' id='word_1_172' title='bbox 1604 1971 1716 2018; x_wconf 86' lang='lat' dir='ltr'>pater</span> 
     </span>
     <span class='ocr_line' id='line_1_31' title="bbox 126 2021 490 2058; baseline 0 -1"><span class='ocrx_word' id='word_1_173' title='bbox 126 2021 490 2058; x_wconf 86' lang='lat' dir='ltr'>misericordiarum.</span> 
     </span>
    </p>

    <p class='ocr_par' dir='ltr' id='par_1_21' title="bbox 210 2074 654 2112">
     <span class='ocr_line' id='line_1_32' title="bbox 210 2074 654 2112; baseline -0.002 0"><span class='ocrx_word' id='word_1_174' title='bbox 210 2074 386 2112; x_wconf 75' lang='lat' dir='ltr'>Gradale.</span> <span class='ocrx_word' id='word_1_175' title='bbox 445 2074 654 2111; x_wconf 84' lang='lat' dir='ltr'>Gloriosus.</span> 
     </span>
    </p>

    <p class='ocr_par' dir='ltr' id='par_1_22' title="bbox 206 2128 808 2178">
     <span class='ocr_line' id='line_1_33' title="bbox 206 2128 808 2178; baseline -0.002 -13"><span class='ocrx_word' id='word_1_176' title='bbox 206 2129 402 2178; x_wconf 82' lang='lat' dir='ltr'>Alleluya.</span> <span class='ocrx_word' id='word_1_177' title='bbox 468 2129 505 2165; x_wconf 79' lang='lat' dir='ltr'>V.</span> <span class='ocrx_word' id='word_1_178' title='bbox 537 2128 808 2165; x_wconf 85' lang='lat' dir='ltr'>Tradiderunt.</span> 
     </span>
    </p>

    <p class='ocr_par' dir='ltr' id='par_1_23' title="bbox 205 2182 1137 2231">
     <span class='ocr_line' id='line_1_34' title="bbox 205 2182 1137 2231; baseline 0 -13"><span class='ocrx_word' id='word_1_179' title='bbox 205 2182 472 2230; x_wconf 63' lang='lat' dir='ltr'>Evaozyebizam.</span> <span class='ocrx_word' id='word_1_180' title='bbox 530 2182 688 2227; x_wconf 87' lang='lat' dir='ltr'>Videte,</span> <span class='ocrx_word' id='word_1_181' title='bbox 708 2195 757 2218; x_wconf 88' lang='lat' dir='ltr'>ne</span> <span class='ocrx_word' id='word_1_182' title='bbox 777 2182 864 2231; x_wconf 83' lang='lat' dir='ltr'>quis</span> <span class='ocrx_word' id='word_1_183' title='bbox 883 2195 950 2218; x_wconf 76' lang='lat' dir='ltr'>vos</span> <span class='ocrx_word' id='word_1_184' title='bbox 969 2182 1137 2219; x_wconf 79' lang='lat' dir='ltr'>seducat.</span> 
     </span>
    </p>

    <p class='ocr_par' dir='ltr' id='par_1_24' title="bbox 209 2236 777 2284">
     <span class='ocr_line' id='line_1_35' title="bbox 209 2236 777 2284; baseline -0.007 -11"><span class='ocrx_word' id='word_1_185' title='bbox 209 2236 463 2284; x_wconf 72' lang='lat' dir='ltr'>Offertorium.</span> <span class='ocrx_word' id='word_1_186' title='bbox 521 2236 725 2273; x_wconf 83' lang='lat' dir='ltr'>Mirabilis.</span> <span class='ocrx_word' id='word_1_187' title='bbox 772 2264 777 2269; x_wconf 88' lang='grc'><strong><em>,</em></strong></span> 
     </span>
    </p>

    <p class='ocr_par' dir='ltr' id='par_1_25' title="bbox 205 2290 365 2328">
     <span class='ocr_line' id='line_1_36' title="bbox 205 2290 365 2328; baseline 0 -1"><span class='ocrx_word' id='word_1_188' title='bbox 205 2290 365 2328; x_wconf 76' lang='lat' dir='ltr'>Secreta.</span> 
     </span>
    </p>

    <p class='ocr_par' dir='ltr' id='par_1_26' title="bbox 124 2343 1714 2488">
     <span class='ocr_line' id='line_1_37' title="bbox 205 2343 1714 2392; baseline 0.001 -12"><span class='ocrx_word' id='word_1_189' title='bbox 205 2343 304 2381; x_wconf 88' lang='lat' dir='ltr'>Haec</span> <span class='ocrx_word' id='word_1_190' title='bbox 348 2343 487 2390; x_wconf 83' lang='lat' dir='ltr'>hostia,</span> <span class='ocrx_word' id='word_1_191' title='bbox 528 2356 759 2392; x_wconf 64' lang='lat' dir='ltr'>quaesumus,</span> <span class='ocrx_word' id='word_1_192' title='bbox 809 2343 990 2389; x_wconf 84' lang='lat' dir='ltr'>Domine,</span> <span class='ocrx_word' id='word_1_193' title='bbox 1034 2356 1151 2392; x_wconf 82' lang='lat' dir='ltr'>quam</span> <span class='ocrx_word' id='word_1_194' title='bbox 1196 2343 1239 2379; x_wconf 87' lang='lat' dir='ltr'>in</span> <span class='ocrx_word' id='word_1_195' title='bbox 1284 2347 1507 2380; x_wconf 81' lang='lat' dir='ltr'>sanctorum</span> <span class='ocrx_word' id='word_1_196' title='bbox 1552 2347 1714 2381; x_wconf 87' lang='lat' dir='ltr'>tuorum</span> 
     </span>
     <span class='ocr_line' id='line_1_38' title="bbox 124 2396 1714 2446; baseline 0.001 -12"><span class='ocrx_word' id='word_1_197' title='bbox 124 2397 316 2434; x_wconf 85' lang='lat' dir='ltr'>natalitiis</span> <span class='ocrx_word' id='word_1_198' title='bbox 334 2401 577 2434; x_wconf 90' lang='lat' dir='ltr'>recensentes</span> <span class='ocrx_word' id='word_1_199' title='bbox 596 2398 804 2442; x_wconf 84' lang='lat' dir='ltr'>offerimus,</span> <span class='ocrx_word' id='word_1_200' title='bbox 827 2401 866 2434; x_wconf 90' lang='lat' dir='ltr'>et</span> <span class='ocrx_word' id='word_1_201' title='bbox 884 2396 1041 2433; x_wconf 82' lang='lat' dir='ltr'>vincula</span> <span class='ocrx_word' id='word_1_202' title='bbox 1064 2401 1206 2433; x_wconf 82' lang='lat' dir='ltr'>nostrae</span> <span class='ocrx_word' id='word_1_203' title='bbox 1234 2397 1442 2446; x_wconf 78' lang='lat' dir='ltr'>pravitatis</span> <span class='ocrx_word' id='word_1_204' title='bbox 1467 2398 1645 2435; x_wconf 85' lang='lat' dir='ltr'>absolvat</span> <span class='ocrx_word' id='word_1_205' title='bbox 1673 2401 1714 2435; x_wconf 86' lang='lat' dir='ltr'>et</span> 
     </span>
     <span class='ocr_line' id='line_1_39' title="bbox 125 2451 1335 2488; baseline -0.001 0"><span class='ocrx_word' id='word_1_206' title='bbox 125 2454 204 2488; x_wconf 86' lang='lat' dir='ltr'>tuae</span> <span class='ocrx_word' id='word_1_207' title='bbox 222 2451 334 2488; x_wconf 89' lang='lat' dir='ltr'>nobis</span> <span class='ocrx_word' id='word_1_208' title='bbox 353 2451 626 2488; x_wconf 77' lang='lat' dir='ltr'>misericordiae</span> <span class='ocrx_word' id='word_1_209' title='bbox 647 2452 747 2488; x_wconf 83' lang='lat' dir='ltr'>dona</span> <span class='ocrx_word' id='word_1_210' title='bbox 766 2451 956 2488; x_wconf 88' lang='lat' dir='ltr'>conciliet.</span> <span class='ocrx_word' id='word_1_211' title='bbox 1014 2451 1090 2487; x_wconf 86' lang='lat' dir='ltr'>Per</span> <span class='ocrx_word' id='word_1_212' title='bbox 1109 2451 1335 2488; x_wconf 89' lang='lat' dir='ltr'>Dominum.</span> 
     </span>
    </p>

    <p class='ocr_par' dir='ltr' id='par_1_27' title="bbox 208 2504 738 2542">
     <span class='ocr_line' id='line_1_40' title="bbox 208 2504 738 2542; baseline -0.002 0"><span class='ocrx_word' id='word_1_213' title='bbox 208 2504 449 2542; x_wconf 70' lang='lat' dir='ltr'>Oommzmio.</span> <span class='ocrx_word' id='word_1_214' title='bbox 507 2505 738 2542; x_wconf 88' lang='lat' dir='ltr'>Posuerunt.</span> 
     </span>
    </p>
   </div>
   <div class='ocr_carea' id='block_1_7' title="bbox 126 2559 1713 2716">
    <p class='ocr_par' dir='ltr' id='par_1_28' title="bbox 126 2559 1713 2716">
     <span class='ocr_line' id='line_1_41' title="bbox 206 2559 526 2596; baseline 0.003 -1"><span class='ocrx_word' id='word_1_215' title='bbox 206 2559 526 2596; x_wconf 74' lang='lat' dir='ltr'>Postcommzmio.</span> 
     </span>
     <span class='ocr_line' id='line_1_42' title="bbox 205 2612 1713 2664; baseline 0.001 -15"><span class='ocrx_word' id='word_1_216' title='bbox 205 2612 282 2649; x_wconf 90' lang='lat' dir='ltr'>Per</span> <span class='ocrx_word' id='word_1_217' title='bbox 300 2613 430 2662; x_wconf 80' lang='lat' dir='ltr'>liujus,</span> <span class='ocrx_word' id='word_1_218' title='bbox 451 2613 632 2659; x_wconf 86' lang='lat' dir='ltr'>Domine,</span> <span class='ocrx_word' id='word_1_219' title='bbox 653 2613 919 2662; x_wconf 81' lang='lat' dir='ltr'>operationem</span> <span class='ocrx_word' id='word_1_220' title='bbox 943 2612 1122 2660; x_wconf 78' lang='lat' dir='ltr'>mysterii</span> <span class='ocrx_word' id='word_1_221' title='bbox 1145 2616 1186 2648; x_wconf 88' lang='lat' dir='ltr'>et</span> <span class='ocrx_word' id='word_1_222' title='bbox 1203 2612 1304 2649; x_wconf 86' lang='lat' dir='ltr'>vitia</span> <span class='ocrx_word' id='word_1_223' title='bbox 1328 2616 1461 2650; x_wconf 87' lang='lat' dir='ltr'>nostra</span> <span class='ocrx_word' id='word_1_224' title='bbox 1485 2616 1713 2664; x_wconf 83' lang='lat' dir='ltr'>purgentur,</span> 
     </span>
     <span class='ocr_line' id='line_1_43' title="bbox 126 2665 1565 2716; baseline 0 -13"><span class='ocrx_word' id='word_1_225' title='bbox 126 2670 165 2703; x_wconf 86' lang='lat' dir='ltr'>et</span> <span class='ocrx_word' id='word_1_226' title='bbox 181 2666 515 2704; x_wconf 87' lang='lat' dir='ltr'>intercedentibus</span> <span class='ocrx_word' id='word_1_227' title='bbox 534 2667 677 2704; x_wconf 81' lang='lat' dir='ltr'>sanctis</span> <span class='ocrx_word' id='word_1_228' title='bbox 696 2666 787 2713; x_wconf 85' lang='lat' dir='ltr'>tuis,</span> <span class='ocrx_word' id='word_1_229' title='bbox 803 2666 914 2715; x_wconf 78' lang='lat' dir='ltr'>justa</span> <span class='ocrx_word' id='word_1_230' title='bbox 932 2665 1124 2702; x_wconf 85' lang='lat' dir='ltr'>desideria</span> <span class='ocrx_word' id='word_1_231' title='bbox 1141 2666 1421 2716; x_wconf 82' lang='lat' dir='ltr'>compleantur.</span> <span class='ocrx_word' id='word_1_232' title='bbox 1479 2667 1565 2705; x_wconf 86' lang='lat' dir='ltr'>Per.</span> 
     </span>
    </p>
   </div>
   <div class='ocr_carea' id='block_1_8' title="bbox 158 2788 1628 2841">
    <p class='ocr_par' dir='ltr' id='par_1_29' title="bbox 158 2788 1628 2841">
     <span class='ocr_line' id='line_1_44' title="bbox 158 2788 1628 2841; baseline 0 -15"><span class='ocrx_word' id='word_1_233' title='bbox 158 2789 160 2791; x_wconf 74' lang='grc'><strong>’</strong></span> <span class='ocrx_word' id='word_1_234' title='bbox 216 2788 363 2827; x_wconf 80' lang='lat' dir='ltr'>SANCTI</span> <span class='ocrx_word' id='word_1_235' title='bbox 393 2789 596 2835; x_wconf 76' lang='lat' dir='ltr'>GERMANI,</span> <span class='ocrx_word' id='word_1_236' title='bbox 626 2800 804 2826; x_wconf 73' lang='lat' dir='ltr'>Episcom</span> <span class='ocrx_word' id='word_1_237' title='bbox 834 2800 882 2825; x_wconf 83' lang='lat' dir='ltr'>ET</span> <span class='ocrx_word' id='word_1_238' title='bbox 910 2799 1183 2827; x_wconf 68' lang='lat' dir='ltr'>conrnssoms.</span> <span class='ocrx_word' id='word_1_239' title='bbox 1243 2788 1367 2841; x_wconf 86' lang='lat' dir='ltr'>(Prid.</span> <span class='ocrx_word' id='word_1_240' title='bbox 1391 2789 1482 2827; x_wconf 85' lang='lat' dir='ltr'>Kal.</span> <span class='ocrx_word' id='word_1_241' title='bbox 1505 2788 1628 2840; x_wconf 85' lang='lat' dir='ltr'>Aug.)</span> 
     </span>
    </p>
   </div>
   <div class='ocr_carea' id='block_1_9' title="bbox 209 2869 738 2975">
    <p class='ocr_par' dir='ltr' id='par_1_30' title="bbox 209 2869 738 2975">
     <span class='ocr_line' id='line_1_45' title="bbox 210 2869 667 2918; baseline 0 -10"><span class='ocrx_word' id='word_1_242' title='bbox 210 2869 395 2918; x_wconf 75' lang='lat' dir='ltr'>Officium.</span> <span class='ocrx_word' id='word_1_243' title='bbox 453 2872 604 2908; x_wconf 82' lang='lat' dir='ltr'>Statuit</span> <span class='ocrx_word' id='word_1_244' title='bbox 622 2872 667 2908; x_wconf 90' lang='lat' dir='ltr'>ei.</span> 
     </span>
     <span class='ocr_line' id='line_1_46' title="bbox 209 2923 738 2975; baseline 0.002 -14"><span class='ocrx_word' id='word_1_245' title='bbox 209 2923 353 2962; x_wconf 77' lang='lat' dir='ltr'>Oratio.</span> <span class='ocrx_word' id='word_1_246' title='bbox 411 2925 486 2972; x_wconf 90' lang='lat' dir='ltr'>Da,</span> <span class='ocrx_word' id='word_1_247' title='bbox 507 2938 738 2975; x_wconf 74' lang='lat' dir='ltr'>quaesumus.</span> 
     </span>
    </p>
   </div>
  </div>
 </body>
</html>
