1979 3348
239 233 321 273 232
649 227 706 269 In
749 225 1015 269 Vis-{tatione
1044 227 1206 266 sancta:
1234 221 1411 265 Μανία).

451 338 666 388 Sequcmw.

698 390 817 435 Veni,
837 388 1018 438 praecelsa
1036 387 1218 434 Domina,

752 444 893 490 Maria,
914 446 960 479 tu
978 455 1049 478 nos
1066 441 1194 484 visita,

751 498 895 546 AEgras
914 499 1064 533 mentes
1083 495 1264 532 illumina

753 551 830 588 Per
847 563 955 587 sacra
974 549 1066 587 vitae
1085 548 1258 586 numina.

699 612 818 658 Veni,
839 610 1030 648 salvatrix
1049 610 1191 656 saeculi,

754 666 894 703 Sordes
913 665 1023 701 aufer
1040 664 1206 713 piacuIi3

754 720 804 756 In
823 719 1020 756 visitando
1039 718 1229 768 populum

754 773 882 810 Paenae
904 772 1018 810 tollas
1036 772 1244 822 piaculum.

701 835 821 880 Veni,
841 834 976 883 regina
994 834 1184 884 gentium,

757 889 856 926 Dele
875 889 1051 925 flammas
1069 892 1249 924 reatuum
1265 901 1275 934 3

757 943 866 992 Rege
885 942 1141 991 quodcunque
1161 941 1319 977 devium
1334 954 1345 988 3

757 997 821 1034 Da
840 996 964 1032 vitam
983 996 1265 1032 innocentium.

709 1058 828 1104 Veni,
848 1061 892 1094 ut
913 1070 1032 1094 anum
1050 1057 1186 1093 visites
1202 1070 1214 1103 3

730 1111 898 1158 ''Maria3
917 1111 1020 1148 vires
1038 1111 1207 1157 robores,

759 1166 925 1202 Virtute
945 1165 1043 1202 sacri
1062 1164 1234 1214 impetus

759 1219 1025 1256 Influctuetur
1043 1217 1233 1254 animus?

707 1281 825 1328 Veni,
847 1280 961 1317 stella
979 1279 1051 1316 lux
1069 1279 1250 1326 marium,

762 1334 933 1371 Infunde
952 1333 1056 1384 pacis
1075 1334 1241 1379 radium,

762 1388 947 1425 Exsultet
961 1400 1026 1424 cor
1044 1387 1086 1424 in
1099 1388 1275 1436 jubilum

761 1442 790 1480 J
792 1442 957 1480 ohannis
976 1445 1068 1478 ante
1088 1441 1317 1479 Dominum.

709 1505 829 1550 Veni,
850 1504 962 1554 virga
979 1502 1181 1553 regalium,

765 1559 902 1596 Reduc
921 1558 1063 1594 fluctus
1082 1557 1298 1594 errantium

764 1613 833 1650 Ad
851 1611 1048 1649 unitatem
1066 1611 1167 1655 fidei,

766 1666 818 1703 In
838 1679 915 1716 qua
933 1666 1138 1702 salvantur
1157 1663 1286 1701 caelici.

715 1728 833 1775 Veni,
854 1728 1016 1764 demitte
1036 1726 1206 1776 Spiritus

772 1781 905 1819 Sancti
924 1781 1025 1818 dona
1044 1780 1286 1830 propensius,

771 1835 834 1873 Ut
853 1835 1068 1884 dirigamur
1085 1834 1229 1870 rectius

772 1889 822 1925 In
842 1889 960 1937 hujus
979 1888 1072 1924 vitae
1091 1888 1251 1924 actibus.

720 1951 840 1997 Veni,
862 1951 1064 1987 laudemus
1084 1949 1242 1995 Filium,

772 2005 995 2041 Laudemus
1017 2004 1205 2040 Sanctum
1226 2002 1434 2052 Spiritum,

776 2058 999 2095 Laudemus
1019 2058 1177 2094 Patrem
1197 2058 1370 2104 unicum,

777 2112 855 2156 Qui
875 2112 987 2148 nobis
1006 2111 1072 2148 det
1090 2111 1294 2148 auxilium.

342 2187 608 2237 Evavzyelium.
666 2187 888 2225 Secundum
907 2187 1066 2224 Lucam.

343 2243 393 2280 In
412 2242 481 2279 illo
500 2246 687 2291 tempore,
708 2242 934 2292 Exsurgens
954 2241 1084 2277 Maria
1111 2240 1210 2277 abiit
1237 2240 1280 2277 in
1308 2244 1506 2287 montana,
1529 2245 1563 2278 et
1591 2246 1720 2286 cetera,
1743 2245 1788 2277 ut
1815 2239 1859 2276 in

264 2296 451 2334 Adventu.

347 2358 601 2406 Offertorium.
660 2357 773 2394 Filiae
792 2370 940 2408 regum,
962 2362 1006 2393 ut
1025 2356 1069 2394 in
1090 2355 1309 2394 Communi.

346 2419 503 2458 Secreta.

346 2474 603 2523 Omnipotens
622 2472 856 2523 sempiterne
876 2472 997 2519 Deus,
1013 2472 1081 2521 qui
1101 2485 1235 2508 curam
1255 2471 1302 2509 de
1322 2472 1502 2509 omm'bus
1519 2471 1562 2508 in
1580 2474 1621 2508 te
1635 2470 1861 2508 confidenti-

264 2529 338 2565 bus
382 2540 533 2577 semper
570 2526 689 2564 habes
702 2540 713 2574 3
749 2530 902 2577 praesta,
935 2539 1168 2575 quaesumus,
1200 2529 1246 2562 ut
1273 2538 1342 2575 per
1370 2526 1607 2562 oblationem
1639 2538 1756 2574 quam
1785 2524 1861 2561 tibi

265 2582 474 2627 offerimus,
493 2580 758 2618 visitationem
783 2579 988 2630 specialem
1007 2580 1120 2616 beate
1139 2579 1319 2629 Virginis
1344 2579 1385 2615 in
1403 2579 1547 2616 nostris
1566 2578 1861 2616 necessitatibus

267 2635 492 2674 sentiamus.
536 2635 614 2672 Per
633 2634 860 2671 Dominum.

347 2696 546 2746 Praefatio.
603 2696 658 2734 Et
676 2701 717 2733 te
736 2696 779 2732 in
798 2695 1040 2732 Visitatione
1060 2695 1182 2732 beatae
1202 2694 1353 2742 Mariae,
1374 2701 1408 2733 et,
1427 2700 1556 2733 cetera.

351 2759 592 2798 communio.
652 2758 777 2796 Beata
794 2758 944 2795 viscera
962 2757 1102 2794 Mariae
1121 2757 1296 2808 virginis.

544 2852 561 2871 ⁵
583 2854 740 2885 Hereford
754 2854 926 2884 Missal:—

856 2901 968 2938 Maria,
982 2901 1067 2930 vires
1079 2900 1211 2930 robores

856 2941 985 2970 Virtute
1001 2941 1083 2969 sacri
1098 2940 1246 2978 impetus,

856 2980 904 3010 Ne
919 2980 1091 3009 fluctuetur
1104 2980 1238 3008 animus.
