1979 3348
240 263 322 302 188
731 259 960 302 Oratiowes
990 273 1072 314 pro
1101 259 1342 315 Defemzcn's.

664 398 748 435 PRO
778 409 1130 435 BENEFACTORIBUS
1159 398 1405 435 DEFUNCTIS.

323 453 466 490 Oratio.

321 507 518 553 Miserere,
540 518 772 555 quaesnmus,
794 505 975 550 Domine,
996 505 1199 542 animabus
1227 505 1402 542 omnium
1429 505 1721 543 benefactorum
1749 519 1835 543 nos-

238 565 390 597 trorum
410 561 682 596 defunctorum
696 572 706 605 3
734 566 775 596 et
802 560 849 595 de
877 559 1073 595 beneficiis
1101 572 1187 608 quae
1215 559 1326 595 nobis
1354 559 1487 609 largiti
1515 564 1608 597 sunt
1634 560 1677 596 in
1704 561 1831 606 terris,

240 615 400 663 praemia
418 618 563 650 aetema
581 617 870 663 consequantur
888 613 929 649 in
950 612 1062 649 caelis.
1121 613 1198 649 Per
1217 612 1443 650 Dominum.

321 675 480 713 Secreta.

322 729 491 778 Suscipe,
515 729 696 774 Domine,
718 729 800 765 haec
819 741 993 774 munera,
1016 741 1101 778 quae
1120 741 1191 778 pro
1209 728 1413 765 animabus
1428 728 1603 765 omnium
1621 729 1835 765 benefacto-

243 796 329 819 rum
362 788 587 819 nostrorum
623 782 949 831 requiescentium
984 782 1244 828 immolamus,
1273 786 1313 818 et
1350 795 1421 832 pro
1459 783 1655 819 beneficiis
1688 795 1833 828 eorum,

241 837 384 885 quibus
423 841 699 883 sustentamus,
740 837 789 873 da
826 837 881 872 eis
918 836 1219 873 retributionem
1257 836 1299 872 in
1333 849 1452 886 regno
1489 836 1681 873 caelorum.
1759 836 1836 872 Per

243 890 469 928 Dominum.

323 956 593 992 Postcommmz
600 956 644 992 ἰο.

324 1009 490 1057 Sumpta
518 1013 770 1054 sacramenta,
798 1009 978 1055 Domine,
1005 1021 1074 1045 nos
1102 1021 1126 1045 a
1149 1008 1316 1045 vinculis
1344 1008 1548 1045 absolvant
1577 1011 1836 1058 peccatorum,

241 1067 282 1100 et
314 1064 518 1100 animabus
552 1063 728 1099 omnium
760 1063 1050 1099 benefactorum
1083 1067 1306 1099 nostrorum
1339 1062 1612 1100 defunctorum
1646 1062 1840 1099 consortia

242 1117 449 1154 obtineant
468 1117 678 1166 spirituum
699 1118 911 1153 beatorum.
972 1116 1049 1153 Per
1068 1116 1286 1166 Dominum
1305 1120 1494 1154 nostrum.

639 1259 726 1296 PRO
755 1270 933 1295 OMNIBUS
964 1270 1173 1296 FIDELIBUS
1204 1259 1449 1296 DEFUNCTIS.

328 1312 473 1351 Oratio.

326 1366 535 1413 Fidelium,
554 1368 672 1413 Deus,
692 1366 867 1403 omnium
882 1366 1061 1403 conditor
1080 1370 1120 1403 et
1138 1366 1371 1416 redemptor,
1388 1367 1591 1403 animabus
1606 1366 1843 1403 famulorum

245 1421 559 1470 famularumque
587 1425 745 1457 tuarum
775 1421 1041 1457 remissionem
1071 1425 1301 1457 cunctorum
1330 1421 1461 1457 tribue
1489 1425 1735 1470 peccatorum
1750 1434 1760 1467 3
1797 1424 1843 1456 ut

247 1475 533 1523 indulgentiam
553 1488 669 1524 qnam
698 1487 850 1524 semper
869 1479 1117 1524 optaverunt,
1138 1474 1212 1524 piis
1241 1475 1591 1524 supplicationibus
1611 1487 1843 1524 consequan-

247 1534 323 1566 tur.
384 1529 463 1574 Qui
482 1529 583 1565 vivis
603 1533 643 1565 et
662 1542 808 1578 regnas.

328 1590 488 1629 Secreta.

329 1644 505 1691 Hostias,
540 1657 773 1693 quaesumus,
810 1644 991 1691 Domine,
1023 1657 1118 1693 quas
1152 1644 1227 1680 tibi
1265 1657 1334 1693 pro
1367 1644 1570 1681 animabus
1608 1644 1844 1680 famulorum

248 1699 562 1748 famularumque
590 1702 750 1734 tuarum
778 1698 987 1744 offerimus,
1018 1698 1254 1747 propitiatus
1282 1698 1469 1745 intende3
1505 1702 1551 1734 ut
1584 1699 1725 1747 quibus
1756 1698 1846 1734 fidei

249 1752 482 1789 Christianae
502 1752 687 1789 meritum
706 1752 921 1798 contulisti,
942 1752 1061 1789 dones
1080 1756 1119 1788 et
1139 1752 1354 1801 praemium.
1377 1749 1380 1752 ’
1413 1753 1490 1789 Per
1518 1752 1734 1789 Dominum
1762 1764 1847 1788 nos-

250 1811 367 1843 trum.

332 1868 652 1905 Postcommum'o.

332 1922 565 1967 Animabus,
599 1934 831 1971 quaesumus,
864 1922 1045 1967 Domine,
1076 1922 1310 1958 famulorum
1343 1921 1655 1971 famularumque
1687 1925 1847 1958 tuarum

252 1977 378 2013 oratio
406 1976 582 2025 proficiat
611 1975 916 2024 supplicantium
931 1989 941 2022 3
975 1980 1019 2012 ut
1047 1989 1110 2012 eas
1135 1980 1174 2012 et
1198 1989 1221 2012 a
1244 1976 1412 2025 peccatis
1442 1976 1622 2012 omnibus
1651 1989 1781 2022 exuam,
1808 1978 1848 2012 et

253 2035 330 2067 tuae
351 2030 629 2079 redemptionis
648 2030 766 2066 facias
786 2042 865 2066 esse
885 2030 1102 2079 participes.
1162 2030 1240 2074 Qui
1260 2029 1362 2066 vivis
1381 2034 1420 2066 et
1438 2043 1586 2080 regnas.

686 2183 773 2219 PRO
800 2193 1007 2220 AMMABL'S
1036 2194 1181 2227 QUIBUS
1208 2194 1433 2220 TENENTUR.

338 2236 482 2273 Oratio.

337 2291 524 2337 Concede,
556 2303 788 2339 quaesumus,
820 2290 990 2327 Domine
1020 2291 1126 2327 Deus
1154 2294 1297 2337 noster,
1326 2294 1372 2328 ut
1399 2291 1538 2327 animae
1568 2304 1733 2340 qnorum
1761 2304 1851 2341 qua-

256 2357 420 2394 rumque
448 2345 855 2381 commemorationem
884 2345 1042 2394 speciali
1066 2345 1272 2381 devotione
1291 2345 1452 2394 agimus,
1475 2350 1514 2381 et
1540 2358 1609 2394 pro
1629 2346 1768 2393 quibus
1788 2359 1852 2382 ex-

256 2411 365 2434 orare
378 2398 481 2447 jussi
500 2402 539 2434 et
558 2398 750 2434 debitores
769 2411 912 2444 sumuS,
931 2402 1048 2448 atque
1064 2398 1238 2434 omnium
1258 2399 1631 2447 consanguineorum
1652 2412 1694 2435 ac
1714 2399 1853 2435 famili-

256 2452 381 2487 arium
411 2456 634 2488 nostrorum
663 2457 968 2501 cunctorumque
996 2452 1169 2488 fidelium
1195 2453 1237 2488 in
1266 2452 1414 2489 sinibus
1443 2456 1664 2489 sanctorum
1692 2457 1853 2489 tuorum

259 2506 511 2553 requiescant,
535 2519 703 2555 moxque
724 2519 772 2542 ex
793 2506 960 2542 mortuis
979 2506 1199 2543 resuscitati
1217 2506 1292 2542 tibi
1315 2506 1494 2555 placeant
1513 2506 1555 2542 in
1573 2506 1729 2555 regione
1747 2507 1854 2543 vivo-

258 2572 356 2595 rum.
415 2559 491 2596 Per
511 2559 736 2596 Dominum.

338 2621 498 2657 ›Scor-eta.

339 2674 439 2711 Haec
464 2688 637 2720 munera,
659 2688 892 2724 quaesumus,
915 2675 1096 2722 Domine,
1118 2688 1203 2724 quae
1232 2675 1353 2712 oculis
1382 2679 1458 2711 tuae
1487 2675 1702 2723 majestatis
1731 2675 1854 2711 offeri-

260 2741 358 2774 mus,
389 2728 592 2764 animabus
621 2729 856 2765 finnulorum
885 2729 1197 2778 famularumque
1225 2733 1394 2774 tuarum,
1417 2741 1583 2777 quorum
1612 2742 1854 2778 quarumque

258 2782 664 2830 commemorationem
683 2783 840 2831 speciali
859 2783 1066 2819 devotione
1085 2785 1247 2832 agimus,
1264 2787 1303 2819 et
1322 2796 1391 2832 pro
1411 2782 1552 2831 quibus
1572 2796 1681 2819 orare
1694 2783 1796 2831 jussi
1815 2786 1854 2818 et

260 2836 455 2872 debitores
475 2849 620 2881 sumus,
642 2840 760 2884 atque
780 2837 956 2873 omnium
979 2837 1354 2886 consanguineorum
1373 2849 1416 2872 ac
1435 2835 1688 2872 familiarium
1707 2841 1856 2873 nostro-

261 2903 348 2925 rnm
369 2894 673 2938 cunctorumque
694 2890 868 2926 fidelium
887 2890 1075 2927 salutaria
1094 2903 1174 2926 esse
1194 2890 1357 2927 concede
1372 2903 1382 2936 3
1409 2893 1455 2925 ut
1474 2893 1544 2926 tua
1561 2890 1706 2939 pietate
1724 2890 1856 2926 vincu-

261 2944 310 2979 lis
330 2943 530 2979 horrendae
546 2944 683 2980 mortis
699 2948 839 2990 exutae,
857 2949 1011 2980 aeternae
1032 2944 1287 2980 beatitudinis
1306 2947 1530 2980 mereantur
1544 2957 1622 2980 esse
1637 2943 1854 2993 participes.

264 2997 339 3033 Per
359 2997 584 3034 Dominum.
