1979 3348
733 206 861 250 Festa
889 207 1100 262 Auyusti.
1655 214 1709 255 93

129 316 303 366 passione
322 316 512 353 roborasti
529 329 538 362 ;
567 329 617 353 ex
639 317 723 366 ejus
750 317 862 354 nobis
889 317 1109 355 imitatione
1137 318 1266 355 tribue
1286 332 1354 368 pro
1374 332 1504 356 amore
1524 324 1591 356 tuo
1611 334 1713 369 pros-

128 383 219 419 pera
237 370 375 406 mundi
394 369 588 418 despicere
607 374 646 406 et
665 370 775 407 nulla
793 372 877 420 ejus
896 372 1058 409 adversa
1075 372 1292 409 formidare.
1352 372 1428 410 Per
1448 373 1672 412 Dominum.

208 422 393 472 Epistola.
451 423 645 460 Dominus
665 424 762 460 mihi
781 425 945 461 adstitit.

211 475 385 513 Gradale.
443 476 471 513 ,J
475 481 585 513 ustus
605 481 649 513 ut
667 478 806 526 palma.

209 529 403 578 Alleluya.
470 530 507 567 V.
539 530 757 567 Laetabitur
770 532 911 579 justus.

207 582 473 631 Evaozyelium.
532 583 646 620 Nihil
666 588 854 633 opertum.

211 635 465 683 Offirtorium.
523 637 575 673 In
594 638 753 674 virtute.

207 689 365 726 Secreta.

209 742 449 780 Sacrificium
477 743 563 788 tibi,
594 743 774 789 Domine,
804 743 929 780 laudis
957 744 1154 781 offerimus
1183 746 1225 781 in
1255 750 1411 782 tuorum
1444 760 1712 785 commemora-

127 796 233 833 tione
253 801 476 833 sanctorum
490 810 500 843 3
529 797 588 841 da,
611 810 842 846 quaesumUS,
859 800 905 834 ut
924 798 1027 846 quod
1047 798 1126 835 illis
1145 799 1314 836 contulit
1333 800 1382 836 ad
1400 800 1576 850 gloriam,
1597 803 1710 839 nobis

127 849 251 899 prosit
269 850 318 886 ad
338 850 512 886 salutem.
572 850 650 887 Per
669 850 896 887 Dominum.

210 902 449 940 Communia
508 903 688 940 Posuisti.

207 956 525 994 Postcommmzio.

206 1010 376 1059 Repleti,
397 1010 578 1055 Domine,
599 1010 868 1047 benedictione
888 1010 1042 1058 caelesti,
1066 1024 1298 1060 quaesumus,
1321 1013 1568 1051 clementiam
1591 1019 1710 1061 tuam,

128 1067 173 1099 ut
198 1063 462 1100 intercedente
492 1065 606 1100 beato
640 1064 830 1101 Hermete
864 1068 1035 1113 martyre
1068 1069 1149 1111 tuo,
1186 1079 1272 1115 quae
1306 1067 1510 1105 humiliter
1542 1070 1712 1119 gerimus

128 1117 336 1153 salubriter
354 1118 577 1154 sentiamus.
636 1117 712 1154 Per
731 1118 956 1155 Dominum.

128 1288 178 1325 ΙΝ
207 1299 326 1325 rnsro
355 1287 680 1325 DEcoLLATmms
709 1297 848 1323 SANc'ri
877 1286 1084 1324 JOHANMS
1114 1287 1333 1326 BAPTISTAE.
1385 1288 1449 1339 (iv.
1474 1290 1563 1327 Kal.
1589 1291 1711 1342 Sept.)

210 1386 392 1434 Officium.
450 1386 478 1423 J
481 1391 591 1423 ustus
610 1390 656 1422 ut
675 1386 811 1435 palma.

210 1440 352 1477 Oratio.

209 1493 344 1530 Sancti
383 1493 411 1530 J
414 1493 578 1530 ohannis
623 1493 810 1542 Baptistae
857 1498 895 1529 et
942 1495 1121 1542 martyris
1160 1495 1231 1540 tui,
1271 1496 1451 1542 Domine,
1492 1510 1712 1545 quaesumus

128 1547 350 1584 veneranda
394 1547 587 1583 festivitas
630 1546 812 1583 salutaris
855 1547 993 1583 auxilii
1031 1548 1143 1584 nobis
1180 1553 1340 1597 praestet
1377 1550 1569 1587 effectum.
1638 1552 1714 1588 Per

130 1601 354 1638 Dominum.

209 1654 399 1691 Memoria
417 1659 556 1690 sanctce
574 1653 738 1700 Sabim,
759 1654 922 1701 vz'oyz‘m's
939 1661 971 1691 et
991 1655 1185 1703 martyris.
1246 1655 1389 1693 Oratio.

210 1708 328 1754 Deus,
349 1708 418 1756 qui
436 1707 541 1743 inter
569 1712 707 1744 caetera
725 1708 911 1756 potentiae
941 1712 1019 1745 tuae
1049 1709 1236 1745 miracula
1265 1710 1384 1746 etiam
1404 1710 1446 1746 in
1466 1723 1562 1747 sexu
1582 1712 1712 1762 fragili

128 1762 333 1799 victoriam
370 1765 587 1810 martyrum
624 1761 837 1807 contulisti,
870 1762 1032 1798 concede
1070 1763 1275 1811 propitius,
1308 1768 1354 1800 ut
1391 1765 1502 1814 cujus
1531 1767 1713 1804 natalitia

129 1816 289 1853 colimus
308 1828 377 1864 per
396 1815 478 1864 ejus
497 1815 545 1850 ad
565 1819 604 1851 te
623 1815 802 1864 exempla
820 1815 1051 1864 gradiamur.
1109 1816 1193 1853 Per.

207 1869 394 1917 Epistola.
453 1869 578 1905 Lectio
599 1869 687 1905 libri
705 1868 912 1918 Sapient'z'oe
932 1869 1068 1916 (Prov.
1089 1883 1124 1906 oc.
1149 1871 1266 1907 28-32
1281 1883 1291 1917 3
1319 1871 1370 1908 asi.
1395 1871 1428 1917 3,
1452 1872 1487 1919 5,
1509 1873 1634 1923 8-11).

209 1922 441 1971 Expectatio
454 1923 653 1971 justorum
672 1935 790 1971 usque
809 1923 861 1959 acl
879 1923 1118 1960 exaltabitur
1136 1924 1283 1961 civitas.

211 1975 386 2013 Gradale.

208 2030 386 2066 Herodes
406 2029 511 2066 enim
530 2029 660 2065 tenuit
680 2033 718 2066 et
737 2029 875 2079 ligavit
894 2030 922 2066 J
925 2030 1116 2067 ohannem
1134 2045 1141 2067 ε
1170 2035 1209 2067 et
1228 2031 1360 2080 posuit
1378 2031 1420 2067 in
1440 2045 1641 2073 carcerem.

207 2083 401 2132 Alleluya.
459 2083 497 2121 V.
529 2082 695 2132 Propter
710 2083 973 2120 Herodiadem
991 2098 997 2121 :
1026 2098 1143 2133 quam
1155 2084 1312 2127 tulerat,
1328 2085 1442 2121 fratri
1456 2099 1525 2123 suo
1539 2088 1710 2136 vivente,

129 2150 302 2175 uxorem.

208 2191 404 2238 Alleluya.
470 2189 508 2226 V.
540 2189 661 2226 Misso
692 2190 869 2227 Herodes
898 2191 1130 2240 spiculatore
1163 2192 1345 2240 praecepit
1372 2195 1569 2242 amputari
1596 2201 1711 2245 caput

128 2245 156 2282 J
159 2244 323 2282 ohannis
342 2244 384 2279 in
404 2256 563 2280 carcere.

209 2297 425 2347 Sequentia.

289 2351 374 2387 Deo
393 2350 528 2388 laudes
547 2351 712 2400 gloriose
731 2352 910 2388 concinat
929 2364 1096 2400 przesens
1112 2351 1327 2398 celebritas,

290 2404 390 2441 Cum
408 2405 514 2441 beati
533 2405 780 2453 praecursoris
800 2409 1124 2441 commemoratur
1142 2406 1337 2442 festivitas
1351 2419 1361 2452 3

289 2459 367 2503 Qui
386 2458 512 2495 sterili
530 2463 737 2507 conceptus
755 2459 927 2507 angelico
946 2463 1005 2495 est
1024 2459 1236 2508 promissus
1256 2460 1408 2505 nuntio,

289 2512 470 2548 Necdum
490 2512 611 2548 sensit
625 2516 741 2549 natus
760 2512 934 2561 virgineo
955 2512 1156 2549 Christum
1175 2513 1349 2550 clausum
1368 2518 1491 2552 utero.

290 2566 370 2602 Hic
390 2570 549 2602 exortus
569 2565 743 2615 linguam
762 2566 884 2615 patris
903 2566 1076 2612 resolvit,

289 2620 343 2655 Et
361 2619 540 2656 doctrina
558 2620 778 2669 prophetali
797 2620 1015 2668 complevit.

290 2673 390 2709 Inde
409 2673 548 2709 vicinis
567 2674 749 2722 provenit
768 2674 938 2710 maxima
957 2686 1045 2710 cum
1065 2677 1221 2722 stupore
1241 2674 1389 2711 laetitia.

292 2726 372 2763 Hic
391 2727 548 2763 adultus
567 2740 636 2775 per
654 2727 806 2763 deserta
825 2727 970 2776 deguit,

291 2780 352 2816 De
371 2780 507 2816 cameli
525 2780 616 2829 pilis
635 2784 790 2828 tegmen
809 2781 960 2827 habuit,

291 2833 442 2870 Artans
462 2834 613 2870 lumbos
634 2834 786 2883 pellicia
805 2847 911 2880 zona,
932 2834 1048 2870 edens
1067 2834 1185 2871 mella
1206 2834 1409 2872 silvestria.

292 2887 365 2923 Est
385 2887 540 2924 Christo
559 2888 684 2925 factus
703 2888 881 2937 praevius,
906 2887 1105 2925 Christum
1125 2889 1243 2926 sacris
1263 2889 1362 2925 lavit
1380 2889 1559 2926 manibus
1579 2905 1586 2928 :

292 2940 428 2990 Ipsum
443 2942 678 2979 monstravit
697 2942 886 2988 omnibus,
910 2941 1065 2979 Christo
1084 2946 1144 2980 est
1160 2942 1367 2993 praedictus
1386 2943 1557 2993 angelus.
