1979 3348
845 203 1039 258 Preface.
1670 219 1731 247 xv

396 348 447 384 IN
475 358 545 384 DIE
574 358 713 384 SANori
741 347 893 394 DAVID,
923 357 1100 384 Emscom
1129 357 1178 383 ΕΤ
1206 356 1474 384 OONFESSORIS.

226 434 293 473 Ad
312 433 484 472 Missam.
546 434 730 483 Officium.

227 489 474 526 Gaudeamus
506 501 639 524 omnes
669 488 708 524 iu
730 486 899 524 Domino
927 487 1029 524 diem
1056 487 1199 524 festum
1228 486 1464 524 celebrantes
1492 486 1564 523 sub
1582 485 1728 524 honore

146 542 270 579 sancti
289 542 420 578 David
437 542 612 591 praesulis
620 554 631 588 3
649 542 696 578 de
711 542 770 590 cuj
776 554 821 577 us
837 541 1098 578 sollemnitate
1116 540 1287 590 gaudent
1301 540 1428 590 angeli
1448 543 1487 577 et
1505 539 1729 577 collaudant

147 596 295 632 Filium
315 595 399 632 Dei.

225 648 416 685 Psalmus.
474 648 685 692 Memento,
704 646 884 692 Domine,
905 647 1036 683 David
1055 661 1062 683 :
1090 651 1130 684 et
1150 647 1276 684 omnis
1294 646 1604 683 mansuetudinis
1631 646 1723 695 ejus.

225 701 280 739 In
314 701 675 740 Commemoratione
707 714 791 737 vero
827 701 951 738 sancti
987 701 1131 747 David,
1162 707 1252 738 tunc
1288 701 1341 738 ad
1377 700 1542 738 Missam
1573 700 1728 738 dicacur

149 755 332 804 Officium,
355 755 503 792 Statuit
522 755 558 791 ei
577 754 781 791 Dominus.

228 809 371 846 Oratio.

226 862 344 908 Deus,
366 862 434 911 qui
451 862 607 898 beatum
628 861 758 897 David
777 860 1031 897 confessorem
1059 864 1171 897 tuum
1200 864 1317 910 atque
1339 859 1572 910 pontificem,
1589 860 1726 909 angelo

145 917 366 961 nuntiante,
387 915 549 964 triginta
569 916 680 951 annis
699 918 908 963 antequam
927 918 1160 961 nasceretur,
1182 914 1400 963 praedixisti
1414 927 1425 961 3
1454 914 1584 951 tribue
1602 914 1726 960 nobis,

145 982 376 1018 quaesumus,
406 973 450 1005 ut
479 969 588 1017 cujus
614 968 870 1005 festivitatem
898 968 1069 1014 colimus,
1095 968 1177 1017 ejus
1204 968 1478 1005 intercessione
1505 968 1554 1004 ad
1582 971 1727 1004 aeterna

145 1023 286 1072 gaudia
304 1022 583 1072 perveniamus.
640 1022 717 1058 Per
736 1021 961 1059 Dominum.

224 1076 349 1113 Lectio
368 1075 456 1113 libri
473 1076 690 1124 Sapienti&
750 1075 848 1112 Ecce
868 1075 1042 1112 sacerdos
1061 1088 1224 1126 magnus
1243 1074 1311 1124 qui
1330 1075 1372 1111 in
1390 1075 1526 1112 diebus
1545 1074 1637 1111 suis.

227 1129 402 1167 Graclale.

226 1183 407 1230 Domine,
435 1182 658 1232 praevenisti
686 1195 775 1219 eum
802 1182 845 1218 in
872 1182 1205 1219 benedictionibus
1234 1181 1472 1220 dulcedinis:
1500 1180 1665 1232 posuisti
1686 1181 1730 1218 in

146 1236 272 1286 capite
291 1237 374 1287 ejus
392 1249 573 1274 coronam
594 1237 639 1272 de
659 1236 786 1285 lapide
805 1236 983 1285 pretioso.

155 1290 192 1328 V.
223 1290 363 1327 Vitam
381 1290 506 1340 petiit,
529 1294 569 1327 et
587 1289 763 1326 tribuisti
781 1290 816 1326 ei
835 1289 1120 1339 longitudinem
1139 1289 1290 1327 dierum
1309 1289 1352 1326 in
1369 1288 1554 1326 saeculum
1573 1287 1714 1325 saeculi.

226 1344 422 1392 Alleluya.
488 1344 525 1381 V.
557 1343 700 1380 Inveni
729 1343 859 1380 David
887 1356 1041 1380 servum
1070 1357 1226 1381 meum:
1255 1344 1338 1382 oleo
1366 1347 1499 1380 sancto
1526 1355 1612 1379 meo
1630 1340 1730 1378 unxi

148 1410 247 1434 eum.
305 1398 499 1446 Alleluya.

226 1450 440 1500 Sequentia.

573 1503 703 1540 David
723 1503 806 1539 caeli
825 1502 972 1540 clarum
992 1503 1108 1550 sidus,

573 1557 698 1594 Novae
717 1557 813 1605 legis
832 1556 943 1593 testis
963 1556 1074 1604 fidus,

626 1610 750 1647 Micat
769 1610 810 1646 in
831 1610 1018 1646 Brit-anea
1034 1624 1042 1647 ε

575 1663 698 1713 Cujus
718 1664 802 1699 vita
821 1664 925 1700 clara
944 1664 1038 1700 satis

574 1718 627 1754 Et
646 1717 823 1753 doctrina
841 1717 1020 1753 veritatis

626 1771 800 1808 Ornatur
819 1770 1013 1807 Menevia.

572 1863 826 1900 Praecursoris
845 1867 884 1900 et
903 1863 1091 1912 Baptistae

573 1918 694 1955 Ortus
714 1918 767 1953 sic
787 1920 826 1953 et
845 1917 987 1966 praesul
1006 1917 1087 1965 ipse

625 1971 857 2007 Praedicitur
876 1970 1065 2007 divinitus
1083 1984 1091 2006 :

573 2025 752 2069 Quantus
771 2024 872 2060 foret
893 2024 1039 2061 Christi
1058 2037 1191 2061 servus

572 2079 655 2115 Mel
674 2078 855 2124 declarat,
876 2090 985 2126 aqua,
1009 2090 1157 2124 cervus,

627 2132 746 2181 Signa
765 2132 856 2168 data
875 2131 1033 2169 caelituS.

573 2223 653 2260 Hic
672 2226 731 2259 est
749 2222 858 2272 pugil
878 2222 1171 2269 Britannorum,

573 2277 669 2313 Dux
688 2280 728 2313 et
746 2277 880 2313 doctor
898 2275 1151 2322 Walicorum,

626 2330 701 2366 Dei
720 2330 853 2366 favens
872 2329 1022 2366 civibus
1040 2344 1048 2367 z

569 2382 745 2433 Simplex
765 2384 877 2420 corde
896 2383 1039 2420 fastum
1058 2382 1153 2419 terit
1169 2396 1179 2429 ;

572 2437 724 2475 Urbem
744 2449 939 2486 spernens,
961 2436 1102 2473 vallem
1123 2436 1263 2486 quaerit

626 2491 847 2540 Congruam
865 2489 1088 2527 humilibus.

572 2582 680 2619 Nato
698 2595 840 2618 nomen
858 2581 998 2631 vulgus
1017 2581 1136 2618 donat

573 2636 686 2672 Dewi
705 2634 951 2680 deuerourejk
970 2636 1073 2684 quod
1093 2640 1131 2672 et
1153 2640 1264 2672 sonat

627 2689 758 2726 David
777 2689 839 2725 vir
857 2689 1072 2738 aquaticus.

576 2743 704 2780 Caecos
726 2747 847 2788 curat,
870 2742 1023 2779 morbos
1042 2742 1165 2792 pellit,

574 2796 738 2832 Daemon
757 2796 868 2845 fugit,
891 2801 1005 2844 quem
1025 2796 1186 2845 expellit

626 2850 777 2887 Psaltes
796 2849 1062 2898 Evangelicus.

671 2942 688 2958 ᾖ
708 2943 754 2972 zze.
770 2945 787 2960 “
798 2942 954 2980 dwfrwrss’
967 2951 1002 2971 or
1016 2945 1035 2960 “
1045 2942 1211 2972 dwvrwr.”
