1979 3348
222 225 304 265 206
739 220 984 277 Sequemur:
1020 221 1297 263 Communes.

302 333 356 372 In
388 334 515 371 natali
563 333 830 383 plurimarum
866 332 1064 380 virginum
1102 337 1135 368 et
1168 331 1290 367 'zozius
1322 337 1518 367 matrome.
1604 329 1819 380 Sequentia.

221 387 367 426 Mundi
386 393 513 435 aetate,
534 395 578 424 uc
597 401 718 436 supra
740 386 892 434 infesto
905 385 1174 434 plurimorum
1194 384 1461 432 confessorum.

300 458 326 496 I
329 473 353 496 η
394 458 750 496 conmemoratione
792 457 907 493 beatoe
954 455 1097 491 filaris&
1137 468 1211 504 per
1256 454 1465 492 adventum
1512 455 1697 492 dicantur
1743 455 1824 492 iscoe

224 512 436 561 Sequentc'oe
456 513 681 551 alternatim
700 527 711 549 :

688 564 834 602 Missus
854 563 1013 600 Gabriel
1036 563 1083 599 de
1107 562 1222 610 caelis,

741 617 868 654 Verbi
886 617 1040 665 bajulus
1060 616 1196 662 fidelis,

742 672 870 709 Sacris
885 670 1042 707 disserit
1061 670 1226 719 loquelis

796 726 896 762 Cum
919 726 1033 761 beata
1053 724 1219 773 Virgine
1233 737 1243 770 3

688 780 867 817 Verbum
886 779 1034 815 bonum
1054 783 1093 815 et
1112 791 1230 814 suave

742 833 889 871 Pandit
908 833 1015 869 intus
1035 832 1077 868 in
1096 832 1289 878 conclave,

741 888 796 925 Et
815 901 865 924 ex
885 887 971 923 Eva
990 886 1134 923 format
1152 898 1235 932 ave,

796 942 891 978 Evae
910 954 1021 977 verso
1041 940 1208 976 nomine.

689 996 982 1044 Consequenter
1005 994 1125 1043 juxta
1143 997 1301 1043 pactum

739 1050 868 1086 Adest
884 1049 1064 1085 Verbum
1084 1061 1171 1084 caro
1191 1047 1338 1083 factum
1355 1059 1365 1093 3

739 1103 900 1152 Semper
915 1106 1044 1138 tamen
1059 1105 1118 1138 est
1137 1102 1331 1137 intactum

795 1155 974 1193 Puellare
994 1156 1195 1204 gremium.

687 1210 846 1247 Patrem
861 1210 1015 1259 pariens
1033 1209 1199 1258 ignorat,

740 1264 804 1309 Et,
826 1277 942 1313 quam
962 1263 1077 1299 homo
1097 1275 1176 1299 non
1195 1262 1370 1307 deflorat,

741 1318 835 1355 Non
855 1322 1073 1366 torquetur,
1096 1329 1166 1352 nec
1185 1316 1347 1362 laborat,

795 1372 961 1417 Quando
976 1371 1082 1420 parit
1102 1370 1259 1406 Filium.

688 1426 852 1475 Signum
866 1425 978 1462 audis
999 1424 1190 1461 novitatis
1205 1437 1215 1470 3

741 1480 865 1517 Crede
886 1479 1022 1520 solum,
1046 1482 1085 1515 et
1104 1482 1163 1515 est
1182 1477 1278 1514 satis
1294 1490 1305 1524 3

741 1534 834 1571 Non
856 1538 916 1570 est
934 1538 1012 1569 tuae
1033 1532 1233 1569 facultatis

796 1588 955 1625 Solvere
975 1587 1188 1635 corrigia-m.

688 1642 846 1679 Grande
866 1642 1018 1691 signum
1038 1645 1077 1677 et
1096 1640 1247 1689 insigne

742 1697 815 1732 Est
829 1696 871 1732 in
890 1696 989 1732 rubo
1009 1701 1048 1731 et
1072 1695 1114 1730 in
1133 1695 1247 1743 igne3

741 1750 804 1786 Ne
824 1749 1026 1798 appropiet
1046 1748 1203 1797 indigne

797 1803 1000 1840 Calceatus
1030 1802 1233 1852 quispiam.

689 1858 814 1907 Virga
829 1858 928 1893 sicca
947 1857 1029 1893 sine
1048 1869 1144 1901 rore,

743 1911 859 1948 Novo
879 1911 972 1957 ritu,
993 1923 1095 1946 novo
1115 1922 1232 1955 more,

743 1965 935 2002 Fructum
954 1963 1120 2013 protulit
1140 1976 1228 1999 cum
1247 1962 1341 1999 flore
1349 1975 1361 2010 3

797 2019 860 2055 Sic
881 2024 921 2055 et
940 2018 1050 2067 virgo
1068 2017 1226 2066 peperit.

690 2073 925 2110 Benedictus
943 2072 1034 2108 talis
1050 2071 1209 2117 fructus,

742 2127 914 2164 Fructus
932 2126 1077 2175 gaudii,
1096 2137 1176 2161 non
1195 2124 1324 2161 luctus
1338 2136 1348 2170 ς

743 2181 837 2218 Non
857 2180 931 2217 erit
952 2179 1084 2216 Adam
1104 2178 1288 2215 seductus

797 2235 840 2272 Si
859 2235 905 2271 de
925 2234 996 2270 hoo
1020 2232 1248 2282 gustaverit.

689 2289 717 2326 J
721 2302 807 2326 esus
827 2292 970 2332 noster,
991 2287 1019 2324 J
1022 2300 1108 2324 esus
1127 2287 1263 2332 bonus,

745 2343 826 2380 Piae
841 2342 978 2379 matris
998 2342 1107 2390 pium
1128 2353 1234 2387 onus,

745 2397 867 2444 Cujus
886 2400 944 2432 est
963 2396 1005 2432 in
1025 2395 1116 2431 caelo
1131 2393 1307 2440 thronus,

798 2449 986 2487 Nascitur
1005 2449 1047 2485 in
1067 2447 1222 2485 stabulo
1239 2462 1246 2484 :

691 2504 771 2550 Qui
790 2505 844 2541 sic
863 2509 923 2541 est
941 2516 1011 2552 pro
1031 2502 1143 2539 nobis
1161 2505 1289 2548 natus,

745 2559 913 2595 Nostros
933 2557 1060 2594 deleat
1079 2560 1223 2602 reatus,

745 2612 849 2658 Quia
867 2618 1000 2648 noster
1019 2609 1211 2647 incolatus

799 2666 880 2704 Hic
898 2669 958 2702 est
976 2665 1018 2701 in
1036 2663 1218 2714 periculo.

307 2722 401 2760 Alia
419 2720 634 2772 Sequentia.

695 2773 830 2812 Mittit
849 2773 898 2810 ad
918 2771 1113 2821 virginem

749 2829 844 2866 Non
863 2827 1039 2876 quemvis
1057 2825 1251 2874 angelum,

749 2882 825 2919 Sed
843 2879 1118 2918 fortitudinem

751 2938 881 2981 Suam,
903 2933 1190 2982 archangelum,

803 2991 973 3026 Amator
991 2987 1169 3025 hominis.
