1979 3348
607 239 852 296 Sequentioe
886 238 1157 283 Communes,
1598 238 1680 278 209

358 351 425 389 Sol
443 364 559 388 verus
573 351 780 401 splendens
800 364 868 400 per
882 363 999 400 quam
1018 349 1138 386 micat
1156 349 1249 386 orbe
1268 360 1414 394 sereno,

358 405 471 443 Pacis
490 409 530 442 et
549 411 704 442 aeternae
720 412 813 441 sunt
826 405 968 453 gaudia
985 403 1134 440 tradita
1152 401 1309 440 mundo.

360 459 414 496 Te
432 459 611 508 petimus,
634 459 801 505 domina,
823 458 933 495 nobis
952 470 1130 494 succurre
1150 456 1328 506 benigna,

361 513 414 549 Et
433 513 588 549 famulis
607 513 775 562 patriam
790 512 958 549 clemens
977 511 1140 548 concede
1160 522 1378 560 supernam,

361 566 475 603 Oaelis
494 571 540 603 ut
559 566 773 616 angelicam
793 579 1012 603 mereamur
1030 565 1172 602 habere
1195 576 1389 601 coronam.

171 656 226 693 In
248 656 668 694 commemoratimzibus
695 657 809 693 beatce
836 656 979 693 spsar'iae
999 670 1024 693 a
1041 656 1153 693 Festo
1172 653 1467 704 Purificationis
1493 666 1612 701 usque
1631 652 1688 689 ad

92 716 207 759 caput
225 709 260 746 J
259 710 383 759 ejunii
401 717 435 748 et
454 724 478 746 a
497 711 607 747 Festo
626 710 778 747 Sanctae
808 710 1018 746 Trinitatis
1045 723 1163 758 usque
1188 709 1241 746 ad
1261 708 1481 745 Adventum
1509 706 1687 753 Domini,

91 764 172 801 nisi
189 764 234 800 in
252 764 366 801 seaetis
374 764 504 812 seriis,
526 764 710 801 dicantur
728 764 810 800 ‘istae
824 763 1038 812 Sequentiae
1056 763 1279 800 alternatim
1297 761 1508 799 secundum
1528 759 1687 809 disposi-

93 817 234 856 tionem
265 818 501 863 succentoris,
535 818 632 854 sicut
664 817 955 854 subtitulantur.
1018 817 1231 865 Sequentioe
1244 832 1256 854 .·
1297 816 1387 852 Ave
1416 815 1546 852 Maria
1563 827 1572 861 ;
1598 815 1688 850 Ave

94 871 232 909 mundi
247 882 350 921 spes;
369 872 459 908 Hac
472 871 576 908 clara
590 871 672 917 die;
692 871 895 908 Hodierna
904 884 914 917 3
938 871 1151 908 Benedicta
1166 884 1205 907 es
1219 870 1421 915 caelorum;
1445 868 1592 914 Gaude,
1611 867 1688 904 Dei

94 925 274 976 genetrix
287 939 298 972 3
325 925 476 974 require
491 925 585 961 'istas
603 925 716 974 infra
738 924 898 962 Octavas
917 925 1203 974 Assumptionis
1223 924 1337 961 beatae
1355 923 1407 959 M
1404 923 1507 960 arioe.
1557 921 1688 967 Quan-

95 979 144 1017 do
153 981 205 1027 fit
225 979 527 1016 commemoratio
546 979 591 1016 de
610 985 743 1015 sancta
759 979 895 1015 „Uaria
914 979 1014 1015 inter
1029 979 1185 1016 Festum
1201 978 1409 1016 Trinitatis
1423 983 1457 1015 et
1472 975 1692 1014 Adventum

93 1032 137 1071 in
156 1032 389 1081 semetsemet,
413 1039 504 1070 tunc
522 1032 671 1070 dicetur
689 1033 765 1069 'ista
784 1032 992 1081 Sequentia
1007 1047 1019 1069 .·

565 1102 703 1139 Stabat
715 1103 835 1151 juxta
855 1102 1005 1139 Christi
1023 1116 1186 1150 crucem,

564 1155 715 1192 Videns
735 1156 818 1205 pati
836 1169 966 1193 veram
988 1156 1126 1204 lucem,

618 1209 750 1246 Mater
769 1210 888 1259 Regis
907 1211 1093 1248 omnium.

563 1263 715 1300 Videns
734 1268 850 1313 caput
870 1270 1099 1301 coronatum

565 1317 706 1367 Spinis,
729 1317 830 1354 latus
850 1318 1101 1367 perforatum,

618 1371 735 1408 Vidit
754 1372 854 1408 mori
873 1372 1009 1409 filium.

564 1425 682 1462 Vidit
702 1438 838 1475 corpus
857 1425 1056 1475 flagellari,

565 1479 721 1525 Manus,
742 1479 856 1528 pedes
875 1479 1062 1528 perforari

620 1533 733 1569 Mitis
752 1546 775 1569 a
794 1533 1025 1571 crudelibus.

565 1586 681 1623 Vidit
702 1591 819 1636 caput
838 1587 1083 1633 inclinatum,

566 1641 711 1677 Totum
731 1654 868 1690 corpus
888 1645 1149 1688 cruentatum,

620 1694 794 1731 Pastoris
814 1708 883 1743 pro
903 1695 1052 1731 ovibus.

566 1748 683 1785 Vidit
701 1752 839 1797 potum
858 1748 945 1785 felle
964 1749 1147 1795 mixtum,

567 1802 691 1839 Suum
711 1807 848 1839 natum
865 1802 1106 1849 crucifixum,

622 1855 915 1892 Gubernantem
935 1856 1075 1893 omnia.

569 1909 769 1947 Christum
788 1910 872 1959 pati
890 1910 971 1946 haec
990 1909 1143 1960 flagella

568 1963 686 1999 Vidit
705 1967 830 2000 mater
848 1968 886 2000 et
905 1963 1046 2013 puella,

621 2017 738 2054 Vidit
757 2022 797 2053 et
816 2017 1033 2067 opprobria.

567 2070 698 2107 Audit
716 2071 825 2119 virgo
845 2076 884 2108 et
903 2071 1097 2108 dicentem

569 2124 722 2161 Natum
741 2138 855 2161 suum
874 2125 1134 2171 innocentem,

623 2178 734 2223 Ecce,
756 2182 891 2225 mater,
914 2179 1028 2215 filius.

571 2231 662 2268 Pati
680 2232 790 2281 virgo
809 2232 911 2268 vidit
929 2237 1069 2269 natum

571 2285 790 2331 Dicentem,
813 2285 885 2323 Est
903 2289 1227 2332 consummatum,

625 2339 679 2375 Et
698 2339 751 2376 sie
771 2340 914 2376 transit
933 2340 1095 2389 gladius.

572 2392 621 2429 In
641 2392 773 2430 dolore
793 2397 887 2431 tunc
908 2394 1029 2441 fuisti,

572 2446 699 2495 Virgo
718 2447 794 2496 pia,
816 2461 904 2485 cum
923 2447 1061 2485 vidisti

626 2500 730 2537 Mori
752 2505 865 2538 tuum
884 2501 1021 2539 filium.

573 2554 697 2591 Dolor
715 2555 860 2604 ingens,
883 2555 993 2592 dolor
1010 2555 1089 2602 ille,

573 2608 681 2645 Dirae
701 2607 949 2646 lacrimarum
968 2609 1095 2657 stillae,

627 2661 856 2700 Praecellens
875 2663 1119 2712 martyrium.

573 2714 701 2765 Virgo
721 2716 840 2762 mitis,
862 2717 972 2766 virgo
991 2717 1067 2766 pia,

574 2769 669 2818 Spes
688 2782 852 2816 reorum,
874 2771 967 2806 vitae
986 2770 1064 2817 via,

628 2822 753 2873 Virgo
772 2823 887 2873 plena
905 2823 1042 2873 gratia.

576 2877 655 2914 Ora
673 2883 813 2914 natum
831 2890 875 2914 ac
893 2877 1069 2927 implora,

576 2930 707 2969 Servis
727 2931 805 2968 tuis
824 2932 961 2968 mortis
980 2931 1078 2968 hora

630 2984 738 3022 Vitae
758 2984 849 3022 dare
867 2984 1018 3034 gaudia.

195 3050 284 3077 von.
305 3051 349 3076 τι.
815 3042 818 3044 ’
883 3049 907 3075 Ρ
