1979 3348
282 223 361 263 296
999 219 1155 263 Prosae.

275 331 318 368 Is
337 344 406 368 1108
425 332 579 381 antiqui
599 345 621 368 a
640 332 831 381 serpentis
851 331 990 368 liberet
1008 331 1206 368 dementia
1223 344 1232 378 ;

276 385 371 422 Esse
390 386 458 434 qui
478 390 619 422 cuncta
637 385 760 435 gloria
779 390 818 422 et
836 385 1074 434 sophismata
1092 385 1304 434 perfecerat
1323 398 1464 437 magna

276 439 452 488 Agmina
471 453 622 488 semper
641 439 779 476 caelica.

279 492 408 537 Quam
428 494 542 530 beata
561 498 784 529 sanctorum
803 496 896 528 sunt
915 492 1080 541 agmina.

280 546 422 596 Capiat
442 547 550 596 plebs
571 551 704 582 nostra
723 546 786 583 1110
805 550 844 582 et
864 546 905 582 in
925 546 1026 583 010118
1045 546 1219 595 gloriam,

281 600 335 637 Et
356 614 425 636 1108
446 601 559 637 modo
578 614 655 636 una
675 600 812 637 dantes
832 613 975 649 organa
994 613 1214 636 consonora.

283 654 316 690 O
336 654 434 690 mira
455 654 557 690 dona
576 658 616 690 et
629 653 740 690 nobis
759 654 932 702 gratuita
952 653 1060 690 dedit
1078 653 1248 691 remedia
1263 668 1274 701 5

281 707 429 744 Filium
448 708 608 744 unicum
628 708 736 743 misit
754 707 796 743 111
815 711 928 744 terra.

283 761 411 805 Quam
431 762 600 810 petimus
619 761 811 811 supplices

282 815 517 851 Trinitatem
536 820 723 861 sanctam,
746 827 821 864 quo
836 815 1007 864 praebeat
1026 815 1138 851 nobis
1157 815 1198 851 in
1217 815 1340 864 gloria
1359 819 1503 852 {eterna
1521 814 1677 862 omnia;

284 868 560 905 Custodiamus
580 869 795 914 caritatem,
816 872 1016 905 teneamus
1035 869 1256 905 castitatem
1276 870 1427 906 bonam.

288 922 497 973 Fidemque
516 922 806 960 immaculatam
825 922 1032 959 reddamus
1050 922 1208 959 salvam.

988 1116 1176 1154 XXXV.

644 1216 770 1252 Prosa
788 1225 843 1251 DE
863 1226 1040 1252 OMNIBUS
1063 1215 1230 1251 SANCTIS
1251 1216 1303 1252 ad
1323 1215 1509 1252 Pretiosa.

366 1287 564 1335 Alleluya.

283 1353 417 1390 ALMAE
435 1363 632 1389 CAELORUM
653 1361 801 1388 TURMAE
821 1354 1054 1400 concrepent
1073 1350 1250 1399 alleluya.

283 1409 335 1443 111
354 1407 416 1443 die
434 1408 505 1442 hac
525 1411 781 1453 sacrosancta,
801 1405 945 1442 sanctis
965 1404 1145 1441 omnibus
1164 1405 1365 1454 splendida
1380 1418 1391 1453 3

286 1461 382 1506 Quae
403 1460 512 1496 nobis
533 1464 644 1495 extat
663 1472 804 1505 annua,
826 1459 892 1495 sed
911 1459 972 1495 his
992 1463 1050 1495 est
1069 1458 1262 1495 continua.

284 1515 396 1552 Celsa
415 1513 641 1563 angelorum
661 1513 817 1562 agmina
835 1513 950 1549 laude
965 1513 1136 1561 jocunda
1157 1512 1312 1549 Christo
1332 1511 1523 1549 resultent
1541 1525 1687 1562 organa
1704 1525 1712 1548 z

288 1568 571 1616 Mundanaque
590 1567 856 1604 modulamina

287 1623 315 1659 -J
318 1636 381 1659 am
400 1635 505 1658 nunc
524 1622 708 1657 intonant
727 1621 920 1670 praeconia
939 1634 1027 1657 cum
1047 1620 1195 1656 laetitia.

289 1677 384 1721 Quae
422 1688 538 1724 supra
580 1675 705 1711 sidera
746 1675 919 1724 pulchra,
958 1674 1151 1723 profunda
1188 1687 1272 1722 quae
1311 1678 1415 1720 sunt,
1460 1674 1681 1711 omnimoda
1718 1673 1877 1712 laudum

396 1742 549 1779 genera,

293 1784 544 1821 Proclamant
562 1795 655 1819 voce
675 1795 813 1818 sonora

288 1838 490 1875 Christum
510 1837 722 1872 Dominum
744 1836 946 1872 laudantia
965 1848 1033 1884 per
1052 1835 1191 1871 saeoula
1210 1836 1355 1872 omnia:
1830 1867 1835 1874 .

291 1891 369 1936 Qui
388 1895 612 1927 sanctorum
631 1890 754 1939 gloria
773 1895 830 1926 est
849 1893 888 1925 et
908 1889 1082 1935 victoria,
1104 1889 1188 1925 laus
1207 1894 1245 1925 et
1264 1902 1414 1934 corona,
1435 1888 1506 1925 lux
1525 1892 1642 1938 atque
1662 1889 1800 1926 laetitia
1817 1903 1825 1926 ε

292 1946 488 1981 Ρ1·308ί;3118
501 1944 578 1980 11118
597 1944 692 1980 talia
711 1957 827 1980 aurea
846 1943 1003 1992 praemia
1022 1956 1108 1991 quae
1128 1956 1204 1978 vox
1224 1942 1394 1979 humana
1408 1955 1486 1978 non
1505 1943 1674 1992 explicat
1694 1943 1831 1993 aliqua.

292 1999 325 2036 O
346 1998 459 2035 stella
487 1998 605 2034 maris
633 1997 789 2046 inclyta,
813 1997 845 2033 O
867 1997 1034 2042 domina,
1055 1997 1192 2033 mundi
1217 1997 1361 2045 regina,
1385 1996 1559 2033 oratione
1583 1997 1647 2045 pia
1674 2000 1719 2032 tu
1747 2001 1880 2034 nostra

399 2052 513 2088 ablue
532 2051 715 2097 facinora,

292 2107 475 2143 Donante
495 2105 571 2141 Dei
589 2105 715 2154 gratia
732 2118 739 2141 :

292 2161 414 2209 Cujus
433 2173 541 2196 sacra
560 2159 726 2195 rutilant
746 2159 857 2203 dona,
880 2157 988 2207 queis
1004 2161 1157 2194 aeternae
1173 2157 1265 2194 vitae
1277 2158 1549 2206 consequimur
1566 2170 1707 2207 magna
1724 2158 1881 2208 praemia.

295 2214 372 2250 Per
390 2214 572 2262 suffragia
591 2217 671 2258 tua,
691 2213 805 2249 beata
824 2212 934 2261 virgo
953 2224 1153 2260 puerpera,

295 2267 418 2305 Porta
436 2280 564 2313 aurea,
586 2279 758 2316 purpura
778 2266 878 2315 regis
897 2269 1015 2314 atque
1035 2265 1270 2314 dignissima.

294 2321 389 2358 Vox
408 2320 581 2370 angelica
599 2334 716 2369 quam
736 2320 848 2366 clara,
871 2332 955 2369 quae
977 2320 1062 2356 Deo
1081 2332 1231 2369 semper
1249 2318 1419 2356 concinit
1437 2318 1616 2367 alleluya,

296 2375 492 2424 Terraque
510 2378 594 2411 sata
612 2375 792 2411 humana.

297 2429 425 2474 Quam
445 2429 558 2465 beata
577 2432 799 2465 sanctorum
819 2431 911 2464 sunt
930 2426 1086 2476 agmina
1104 2441 1112 2463 :

296 2483 393 2528 Quae
413 2482 669 2531 patriarchica
688 2481 830 2518 lustrat
849 2481 956 2530 plebs
975 2485 1093 2529 atque
1113 2479 1348 2530 prophetica,

295 2536 389 2574 Lux
408 2536 630 2584 apostolica,
650 2548 753 2571 mors
772 2548 816 2572 ac
835 2539 1049 2583 martyrum
1071 2535 1249 2583 pretiosa.

297 2590 331 2627 O
359 2590 569 2640 praesulum
595 2589 806 2639 perspicua,
836 2588 1097 2625 consessorum
1123 2587 1304 2638 praecelsa
1330 2591 1447 2636 atque
1475 2587 1648 2638 virginea
1675 2586 1880 2636 omniaque

390 2648 539 2681 sancta
558 2643 712 2692 agmina
730 2656 737 2679 :

298 2697 425 2742 Quam
445 2697 606 2746 pulchra
625 2700 718 2733 sunt
737 2700 775 2733 et
795 2709 911 2745 quam
931 2695 1020 2732 laeta
1036 2708 1047 2742 3

295 2751 528 2787 Trinitatem
548 2755 721 2787 sanctam
740 2750 937 2786 cernentia
956 2763 1022 2798 per
1038 2753 1177 2786 cuncta
1195 2749 1237 2790 111
1255 2748 1378 2798 gloria
1396 2752 1541 2786 aeterna
1558 2747 1705 2786 saecula.

298 2804 395 2849 Quae
415 2817 484 2841 sua
503 2804 749 2840 miseratione
767 2816 838 2840 nos
857 2803 992 2840 abluat
1010 2804 1058 2840 ab
1078 2802 1184 2839 omni
1204 2803 1377 2848 macula;

296 2857 351 2895 Et
370 2871 440 2895 sua
461 2858 604 2907 pietate
622 2857 703 2894 sola
720 2857 864 2894 sanctis
877 2857 1021 2906 jungat
1038 2857 1080 2893 in
1098 2856 1167 2893 illa
1184 2856 1322 2906 patria,

296 2911 345 2948 In
366 2924 443 2960 qua
461 2911 544 2948 sine
563 2911 639 2948 fine
658 2915 795 2960 regnat
813 2924 891 2960 pax
909 2911 1155 2960 sempiterna.

950 1764 960 1783 Χ
