1979 3348
848 251 1021 307 Kyrbe&
1660 251 1743 295 247

883 362 986 399 XII.

682 426 835 473 KYmE,
865 426 958 463 REX
987 426 1198 464 semron*

746 487 871 524 (Sarum
885 486 947 514 and
959 485 1135 525 Ilerqford.)

358 539 494 587 Kyrie,
517 551 587 575 rex
605 539 760 588 genitor
778 539 961 588 ingenite,
983 552 1074 575 vera
1093 538 1272 584 essentia,
1293 538 1457 587 eleyson.

358 593 496 641 Kyrie,
518 592 680 629 luminis
699 592 785 628 fons
805 597 843 628 et
862 605 992 628 rerum
1012 592 1201 638 conditor,
1223 593 1390 641 eleyson.

358 646 496 695 Kyrie,
519 646 587 695 qui
606 659 676 682 nos
695 649 772 682 tuae
793 646 974 695 imaginis
995 646 1158 695 signasti
1177 646 1312 695 specie,
1335 645 1500 695 eleyson.

357 700 523 746 Christe,
543 699 611 748 qui
631 713 670 736 es
691 699 820 735 Patris
839 700 1040 748 sapientia,
1062 700 1227 748 eleyson.

357 753 523 798 Christe,
544 754 615 789 lux
634 753 773 799 oriens,
796 766 865 802 per
883 766 999 801 quem
1028 758 1120 789 sunt
1140 753 1282 799 omnia,
1305 753 1470 801 eleyson.

357 807 523 851 Christe,
546 806 622 843 Dei
640 807 764 843 forma
784 807 954 842 humana
972 807 1176 856 particeps,
1198 807 1364 856 eleyson.

358 861 494 908 Kyrie,
516 861 685 909 Spiritus
704 860 908 896 vivificans
928 874 1091 909 quaeque
1110 861 1224 906 bona,
1245 861 1411 908 eleyson.

361 914 499 962 Kyrie,
521 918 701 950 sanctum
721 914 898 950 Pneuma
918 914 1126 963 procedens
1145 915 1194 950 ab
1214 918 1393 963 utroque,
1411 913 1578 963 eleyson.

358 968 496 1016 Kyrie,
517 972 753 1017 expurgator
771 968 960 1004 scelerum
979 972 1020 1004 et
1038 968 1201 1017 largitor
1218 969 1363 1017 gratiae.

357 1022 599 1068 Quaesumus,
621 1026 780 1070 propter
803 1026 954 1058 nostras
972 1022 1137 1058 offensas
1156 1022 1238 1058 noli
1258 1035 1328 1058 nos
1346 1022 1579 1071 relinquere,

360 1075 393 1112 O
414 1075 633 1112 consolator
651 1076 820 1112 dolentis
839 1076 991 1122 anima),
1012 1076 1178 1124 eleyson.

878 1176 1006 1213 XIII.

754 1242 909 1287 KrRm,
941 1241 1140 1278 GENITOR.

849 1301 957 1339 (Ilercgj
960 1301 975 1329 ἶ)
978 1300 1038 1338 ΠΙ.)

628 1353 768 1402 Kyrie,
790 1353 955 1402 genitor,
979 1353 1145 1401 eleyson.

629 1407 895 1455 Omniumque
914 1406 1048 1450 factor,
1070 1406 1234 1455 eleyson.

629 1461 830 1497 Bonorum
851 1461 1022 1509 largitor,
1044 1460 1209 1508 eleyson.

630 1514 785 1551 Christe
804 1514 947 1563 genite,
969 1514 1135 1562 eleyson.

630 1568 848 1605 Procedens
867 1582 890 1605 a
910 1567 1039 1614 Patre,
1060 1568 1226 1616 eleyson.

630 1622 775 1658 Mundi
793 1622 1026 1671 redemptor,
1049 1621 1215 1670 eleyson.

631 1675 759 1724 Kyrie
779 1676 958 1724 Spiritus,
981 1676 1145 1724 eleyson.

632 1729 842 1765 Illustrans
862 1729 1053 1775 omnibus,
1076 1729 1242 1777 eleyson.

632 1783 750 1820 Trine
769 1788 809 1819 et
828 1796 916 1829 une,
938 1796 1090 1832 semper
1108 1783 1290 1819 miserere
1311 1786 1354 1819 tu
1375 1796 1496 1832 ymas,
1519 1782 1685 1831 eleyson.

888 1882 1008 1919 XIV.

699 1948 851 1994 KYRIE,
884 1948 977 1984 REX
1006 1958 1207 1984 IMMENSAE.

856 2008 1046 2046 (Herqurd.)

153 2063 292 2112 Kyrie,
325 2075 396 2099 rex
428 2061 626 2098 immensae
657 2060 827 2111 pietatis,
863 2061 995 2098 laudes
1028 2061 1171 2098 exaudi
1201 2061 1464 2098 famulantum
1495 2061 1636 2097 devote
1666 2060 1753 2105 tibi,

261 2116 426 2165 eleyson.

156 2171 295 2220 Kyrie,
317 2170 510 2206 universae
534 2172 720 2205 creaturae
749 2174 887 2218 potens
916 2173 1075 2214 creator,
1103 2169 1213 2205 nobis
1243 2181 1395 2218 semper
1421 2168 1516 2205 assis
1545 2171 1754 2217 protector,

261 2224 426 2272 eleyson.

157 2277 297 2328 Kyrie,
318 2277 386 2326 qui
405 2277 606 2326 proprium
625 2276 672 2313 de
701 2276 803 2313 caelis
831 2276 974 2313 misisti
1003 2276 1139 2321 filium,
1162 2280 1207 2312 ut
1226 2276 1394 2313 salvaret
1422 2275 1613 2313 mundum
1632 2274 1756 2324 perdi-

263 2335 360 2377 tum,
382 2331 546 2379 eleyson.

159 2385 328 2431 Christe,
360 2388 452 2420 nate
484 2384 637 2433 virgine
671 2384 800 2420 Maria
832 2384 910 2420 viri
942 2384 1024 2420 sine
1057 2384 1215 2430 semine,
1254 2383 1354 2434 (qui)
1395 2383 1626 2420 Pneumatis
1663 2382 1756 2419 almi

269 2438 478 2488 spiramine
498 2439 613 2474 homo
632 2437 757 2474 sactus
776 2451 816 2474 es
836 2451 904 2487 pro
923 2438 1092 2485 homine,
1113 2438 1280 2486 eleyson.

161 2492 326 2539 Christe,
350 2491 451 2543 (qui)
467 2492 579 2541 panis
598 2492 723 2541 specie
742 2492 784 2528 in
803 2505 898 2528 cena
917 2505 1054 2541 corpus
1073 2497 1188 2529 tuum
1208 2491 1374 2537 conficis,
1395 2495 1435 2528 et
1453 2495 1648 2528 caenantes
1667 2490 1757 2527 inde

267 2546 404 2591 reficis,
421 2546 562 2596 pignus
580 2544 686 2595 plebi
704 2545 867 2595 perficis,
889 2546 1055 2595 eleyson.

163 2599 330 2646 Christe,
351 2599 462 2649 panis
492 2600 656 2645 caelicus,
678 2599 791 2636 favus
821 2599 1010 2645 melliens,
1030 2599 1139 2636 cibus
1168 2599 1335 2649 typicus,
1356 2599 1451 2635 ordo
1479 2611 1593 2648 quem
1624 2597 1760 2635 laudat

270 2654 478 2703 angeliOUS,
498 2653 592 2690 assis
611 2653 724 2689 nobis
742 2653 1033 2702 paenitentibus,
1054 2652 1219 2702 eleyson.

164 2707 304 2757 Kyrie,
322 2707 391 2757 qui
408 2707 580 2744 mitteris
599 2720 622 2743 a
641 2706 759 2744 Patre
779 2711 818 2744 et
838 2707 945 2744 Nato
958 2706 1169 2756 procedens
1187 2707 1236 2743 ab
1255 2710 1435 2756 utroque,
1455 2707 1574 2743 unius
1592 2718 1682 2743 cum
1699 2705 1761 2742 his

272 2761 511 2808 substantiae,
533 2760 738 2810 coaequalis
758 2764 797 2797 et
816 2764 1018 2807 coaeterne,
1040 2761 1206 2810 eleyson.

166 2814 304 2862 Kyrie,
342 2815 513 2864 Spiritus
545 2814 799 2861 sanctissime,
830 2815 932 2851 dona
964 2815 1061 2851 dans
1094 2814 1330 2864 septiformis
1363 2814 1510 2864 gratiae,
1539 2813 1590 2851 da
1621 2826 1692 2851 nos
1723 2817 1764 2849 te

272 2872 377 2906 recte
397 2868 569 2918 diligere,
590 2868 763 2905 solamen
782 2868 950 2905 dolentis
968 2868 1121 2913 animae,
1143 2869 1311 2917 eleyson.

166 2922 307 2971 Kyrie,
335 2922 487 2971 spirans
520 2922 736 2959 multifarie
763 2922 919 2959 vatibus
951 2922 1146 2971 loquenda
1177 2921 1405 2972 prophetice
1430 2925 1576 2958 secreta
1603 2920 1767 2958 caelestis

274 2975 408 3025 gloriae
427 2979 498 3013 tua
517 2976 619 3013 dona
638 2976 751 3013 nobis
770 2975 946 3021 infunde,
966 2977 1133 3025 eleyson.

776 3044 792 3059 ⁵
815 3044 874 3074 See
889 3043 974 3083 infra
989 3043 1050 3076 No.
1068 3043 1162 3073 XIX.
