1979 3348
271 244 354 283 314
985 242 1137 285 Prosoe.

269 352 441 401 Mystica
459 357 658 402 patrantes
676 354 795 403 signa,
817 366 984 403 superno
1003 366 1088 389 rore
1107 366 1209 390 nova
1227 353 1361 389 bibula
1378 353 1579 390 madidant
1597 353 1747 391 intima.

269 406 379 453 Ecce,
403 406 569 453 Christe,
591 420 696 444 1111110
715 412 870 444 caterva
888 412 958 443 tua
976 407 1018 443 in
1037 407 1108 444 hac
1127 408 1217 444 aula
1241 407 1420 443 decantat
1445 407 1627 454 carmina,
1650 411 1695 443 ut
1714 406 1854 443 caelesti

373 461 570 509 permixta
588 461 735 510 agmini
749 461 957 497 indiscrete
976 460 1080 497 dicat
1098 474 1199 497 nova
1218 460 1292 497 tibi
1311 473 1489 508 promens
1508 461 1666 497 cantica.

267 513 328 550 Sit
346 515 528 563 perennis
547 515 718 551 Domino
737 515 872 564 gloria,
892 514 1019 559 decus,
1037 515 1171 561 honor,
1187 518 1357 564 potestas
1376 527 1445 563 per
1459 514 1607 560 saecula,
1629 514 1697 563 qui
1716 514 1856 551 tribuit

375 568 544 617 Spiritus
562 569 728 617 gratiam
748 569 928 605 omnibus
947 581 1016 618 per
1035 582 1129 605 arva
1148 568 1217 617 qui
1235 572 1455 617 sequuntur
1474 568 1555 617 ejus
1575 568 1732 604 monita.

267 621 467 658 Poseimus
486 635 619 659 omnes
638 627 707 659 tua
725 622 915 671 supplices
935 622 1142 671 magnalia,

266 674 328 711 Ut
348 674 514 712 Sanctus
533 680 668 712 nostra
686 676 856 725 Spiritus
876 676 1091 713 emundans
1110 676 1253 713 intima

267 728 444 767 Illustret
462 729 564 766 clare
582 730 727 779 sophia.
784 730 980 780 Alleluya.

959 882 1160 920 LXXIX.

904 964 1035 1001 FEmA
1053 975 1210 1000 TERTIA„

449 1017 583 1054 Prosa.
642 1016 833 1067 Alleluya.

369 1081 527 1126 (huns,
558 1093 693 1118 MATER
723 1082 934 1128 Ecomzsm,
956 1083 1125 1119 filiorum
1145 1081 1353 1131 adoptione
1372 1081 1589 1126 fecundata,

370 1135 476 1180 Quos
496 1136 666 1185 Spiritus
685 1136 858 1172 almiflua
878 1141 1107 1185 cooperante
1128 1136 1262 1172 Sancti
1280 1136 1485 1185 parturisti
1502 1136 1638 1185 gratia.

368 1189 420 1226 In
438 1189 500 1226 his
519 1202 608 1239 ergo
627 1190 766 1226 devote
785 1203 892 1227 sacra
910 1190 1124 1227 sollemniis
1143 1202 1268 1239 pange
1288 1189 1373 1226 Deo
1393 1190 1553 1236 cantica,

369 1243 521 1288 Quibus
541 1243 708 1280 Sanctus
728 1244 946 1280 Paraclitus
966 1244 1130 1293 largitus
1149 1248 1208 1280 est
1227 1243 1340 1280 nobis
1359 1256 1428 1279 sua
1448 1244 1690 1280 charismata.

367 1297 457 1334 Hac
473 1309 643 1347 namque
663 1298 704 1334 in
724 1298 785 1335 die
805 1298 1009 1347 repentino
1028 1299 1159 1334 sonitu
1178 1297 1324 1334 mundo
1344 1297 1550 1333 intonante
1569 1297 1665 1334 hora
1683 1297 1800 1334 tertia

366 1350 568 1401 Apparens
583 1353 625 1388 in
639 1351 728 1400 igne
743 1351 992 1388 alumnorum
1004 1357 1161 1401 pectora
1172 1351 1322 1387 virtute
1335 1351 1469 1387 divina
1488 1351 1617 1388 reddit
1630 1351 1853 1401 flagrantia;

367 1404 545 1450 Quorum
564 1406 766 1454 praeconiis
784 1419 891 1442 sacra
910 1410 1143 1443 emanarunt
1163 1405 1255 1441 vitae
1273 1405 1468 1454 dogmata,

367 1458 518 1503 Quibus
538 1473 607 1496 nos
628 1461 861 1497 mundantes
881 1460 971 1496 viva
991 1460 1106 1509 (ligne
1126 1459 1200 1496 sibi
1220 1472 1480 1508 praeparemus
1499 1458 1658 1508 templa,

366 1512 450 1549 Nos
469 1513 544 1550 sibi
564 1514 757 1563 possideat
776 1514 963 1563 quatinus
982 1513 1216 1555 habitacula.

366 1566 582 1616 Secumque
601 1581 669 1604 nos
689 1568 738 1604 ad
757 1582 827 1605 sua
844 1568 1072 1605 transvehat
1092 1567 1247 1616 palatia,

364 1620 449 1658 Ubi
467 1626 656 1671 perpetua
675 1635 892 1659 mereamur
905 1621 1115 1671 jocundari
1133 1621 1267 1671 gloria,

363 1673 495 1723 Atque
514 1676 596 1712 sine
616 1676 692 1712 fine
712 1689 804 1713 voce
825 1676 952 1713 Deum
973 1676 1131 1712 laudare
1151 1674 1383 1723 hymnidica.

365 1727 535 1777 Spiritus
553 1729 654 1767 alme
673 1743 743 1766 nos
762 1730 872 1767 vitiis
892 1730 1047 1773 munda,
1067 1729 1263 1766 virtutum
1283 1728 1443 1765 floribus
1462 1741 1567 1774 orna,

361 1781 423 1818 Sit
441 1783 517 1819 tibi
535 1783 659 1833 gloria
677 1797 765 1820 cum
785 1784 903 1821 Patre
922 1788 962 1820 et
982 1784 1101 1828 Nato,
1123 1783 1191 1832 qui
1209 1795 1346 1831 regnas
1365 1795 1466 1818 unus
1486 1782 1592 1819 Deus
1612 1794 1681 1831 per
1699 1781 1818 1819 sae‘cla.

962 1935 1139 1972 LXXX.

763 2017 919 2054 PsALLE
947 2028 1097 2054 LYRICA
1124 2016 1343 2053 011οΜ111Αέ

442 2070 657 2119 Sequentia.

362 2132 518 2169 PSALLE
545 2145 693 2171 LYmCA
721 2145 904 2170 CARMINA
925 2134 1102 2183 jubilans
1122 2133 1292 2170 Domino
1312 2134 1484 2170 turmula

362 2186 538 2223 Praesens
558 2201 662 2224 mera
682 2201 769 2224 cum
789 2188 1030 2237 symphonia.

361 2241 445 2290 Ipsi
464 2254 555 2277 nam
575 2241 759 2278 condecet
778 2242 861 2278 laus
883 2241 953 2290 (et)
975 2241 1097 2290 gloria
1112 2255 1121 2287 3

362 2295 488 2339 Quem
508 2295 642 2331 laudat
661 2295 703 2331 in
723 2296 814 2332 ezelo
833 2295 1008 2344 angelica
1026 2295 1210 2332 universa
1228 2295 1411 2345 dignitas.

361 2348 403 2385 Is
422 2349 526 2385 enim
547 2349 640 2395 01011,
662 2353 788 2396 terrae,
810 2350 1042 2393 machinam,

361 2402 536 2452 Pelagus,
556 2407 674 2452 atque
695 2416 743 2439 ex
763 2403 887 2439 nihilo
907 2416 993 2452 quae
1013 2407 1105 2439 sunt
1126 2403 1273 2439 creavit
1293 2403 1433 2439 onmia.

360 2456 403 2493 Is
421 2457 614 2505 dejectum
635 2457 936 2493 Paradisicolam
955 2457 1114 2493 reduxit
1133 2457 1181 2494 ad
1201 2461 1346 2493 aeterna
1366 2458 1458 2493 vitae
1478 2470 1629 2506 pascua,

362 2510 526 2547 Carnem
537 2524 692 2547 sumens
704 2524 774 2560 pro
786 2511 897 2547 nobis
908 2511 1119 2547 humanam
1131 2515 1247 2547 natus
1260 2515 1383 2547 matre
1395 2511 1442 2547 de
1457 2524 1548 2547 vera
1560 2514 1694 2548 sancta
1702 2511 1842 2557 Maria,

359 2564 526 2614 Virgine
546 2569 660 2601 casta.

358 2617 468 2655 Hinc
487 2619 610 2655 crucis
630 2618 814 2667 mysterio
834 2618 1040 2655 devastans
1059 2623 1224 2655 mortem
1245 2618 1412 2655 claustra
1429 2618 1550 2668 fregit
1569 2618 1785 2655 infernalia„

359 2671 669 2721 Chirographum
689 2673 859 2721 antiquae
880 2672 1209 2721 praevaricationis
1229 2672 1359 2709 delens
1378 2676 1504 2709 morte
1524 2685 1603 2709 sua.

360 2725 423 2762 Sic
442 2739 613 2775 surgens,
640 2726 808 2762 Zabulos
826 2726 1080 2776 tri11mphat0‚
1101 2726 1163 2762 die
1183 2726 1301 2762 tertia

361 2779 480 2824 Queis
499 2782 590 2816 fisus
610 2780 737 2816 fuerat
756 2780 838 2829 ejus
857 2793 966 2816 arina
984 2780 1110 2816 aufert
1131 2780 1261 2816 omnia

360 2832 472 2870 Forti
490 2833 630 2870 (lextra
647 2847 654 2870 :

360 2887 535 2937 Ejusque
554 2892 694 2925 cuncta
712 2888 835 2937 spolia
853 2888 1040 2937 diripiens
1058 2887 1167 2924 vehit
1181 2900 1310 2924 secum
1330 2886 1379 2923 ad
1397 2891 1513 2933 astra,

630 2989 645 3003 '³‘
668 2988 825 3017 Herc-ford
840 2988 1008 3017 1121133111-Η
1022 2987 1114 3016 Feria
1129 2990 1218 3016 sexta
1232 2989 1304 3026 post
1319 2987 1468 3016 Pascha.”
