1979 3348
298 290 381 332 294
1016 289 1178 330 Prosae.

1020 424 1164 460 XXX.

706 507 788 556 (DE
814 505 1106 543 ASSUMPTIONE
1135 515 1274 542 BEATAE
1303 504 1488 556 MAmAE.)

297 587 446 625 AUREO
475 598 554 623 ORE
583 596 718 622 PRIMAE
745 596 892 622 MATRIS
920 585 1020 622 EVAE
1039 585 1180 621 florens
1198 598 1285 621 rosa
1303 585 1488 634 processit
1507 585 1607 622 sicut
1626 585 1692 623 sol.

299 640 448 687 Oritur,
468 645 515 677 ut
534 640 671 676 lucifer
689 641 794 676 inter
812 643 915 675 astra
935 638 1133 675 decoravit
1151 639 1330 688 polorum
1351 639 1487 675 sidera.

298 694 534 731 Flavescunt
552 693 679 743 campi
697 693 827 739 eremi,
849 692 1035 730 colocasia
1052 693 1348 741 germinautque
1368 692 1461 730 lilia.

298 748 424 785 Odore
443 760 545 784 novo
564 747 750 784 acanthi*
769 746 919 783 roscida
937 750 1117 783 nectarea
1137 752 1347 795 rorantque
1367 760 1470 783 arva.

295 801 426 839 Patris
455 814 612 838 summa
627 801 753 837 Filius
780 814 866 837 arce
886 813 1060 837 convexo
1076 813 1158 837 aevo
1178 813 1271 837 cava
1290 800 1389 850 (sic)
1409 800 1537 837 sobole
1556 800 1706 837 virtute
1725 803 1888 850 paterna

404 856 454 892 ab
473 855 632 892 exordio
650 859 781 904 patrat
800 855 939 891 omnia.

298 910 477 947 Nuntius
496 909 617 946 celsus
638 908 807 954 Gabriel,
829 921 1003 944 summus
1021 907 1192 957 angelus,
1214 908 1351 944 aeterni
1370 907 1468 957 regis
1488 920 1659 957 egressus
1675 912 1734 945 est
1751 913 1887 956 castra,

404 963 494 1000 aula
519 963 683 1012 virginis
702 962 814 999 stetit
832 962 996 999 radians.

298 1017 487 1055 Praecelsa
506 1017 616 1066 virgo
636 1016 765 1053 Maria
784 1016 955 1065 pavescit
973 1015 1122 1052 lumine
1141 1029 1149 1053 ε
1180 1015 1337 1052 Gabriel
1356 1015 1515 1052 affectus
1533 1015 1665 1064 inquit
1683 1030 1690 1053 :

298 1071 511 1120 Concipies,
534 1070 636 1107 alma
654 1071 799 1120 regina,
822 1069 925 1106 orbis
945 1082 1069 1118 regem
1092 1070 1133 1105 in
1153 1069 1292 1105 saecula.
1311 1076 1509 1119 regentem
1529 1074 1677 1106 cuncta.

297 1125 530 1174 Intactaque
551 1124 688 1160 Mariae
717 1123 881 1172 virginis
908 1127 1141 1159 tumuerunt
1170 1123 1343 1159 viscera:
1383 1124 1568 1160 comitata
1599 1123 1694 1160 fides
1712 1123 1886 1171 eredidit,

404 1179 520 1228 digna
540 1191 707 1227 namque
726 1177 799 1213 tali
817 1177 960 1214 foedere
985 1177 1074 1214 sola.

299 1233 407 1270 Laeta
441 1235 575 1277 mater,
602 1231 782 1281 gloriosa,
811 1235 925 1277 casta,
953 1235 1044 1267 ante
1078 1234 1234 1279 partum
1262 1230 1416 1280 integra
1444 1234 1591 1280 etpost
1618 1235 1787 1280 partum,
1808 1243 1886 1268 non

403 1290 464 1323 est
482 1285 631 1331 similis,
651 1285 865 1334 permansit
883 1285 1063 1334 genetrix
1082 1284 1280 1320 inviolata.

297 1339 428 1378 Enixa
446 1353 574 1388 regem
594 1352 783 1388 puerpera
802 1352 920 1385 sacra,
941 1338 1139 1375 hominem
1158 1351 1237 1374 una
1256 1338 1459 1388 deumque,
1480 1338 1617 1388 genuit
1634 1338 1793 1385 innuba,
1810 1351 1887 1375 ser-

402 1394 513 1431 vavit
531 1393 663 1430 florem
684 1393 833 1442 pudica.

296 1449 416 1485 Porta
452 1460 538 1497 quae
571 1447 701 1484 clausa
730 1446 808 1482 fuit
840 1459 908 1495 per
938 1446 1064 1483 Evam
1102 1445 1279 1482 Paradisi
1308 1449 1480 1483 reserata
1511 1446 1699 1496 praecelsae
1736 1445 1887 1483 meritis

403 1501 551 1538 Mariae.
602 1501 636 1538 O
656 1513 772 1550 quam
791 1500 941 1549 inclyta

296 1556 411 1593 Inter
425 1568 557 1592 ornnes
576 1554 757 1591 mulieres
776 1554 906 1591 fructu
923 1554 1036 1590 flores
1050 1554 1199 1590 ventris
1213 1553 1284 1600 tui,
1302 1554 1480 1603 exemplo
1492 1553 1575 1590 sine
1594 1553 1773 1603 placuisti
1794 1553 1884 1590 sola.

297 1610 381 1646 Nec
412 1610 575 1659 prima-m
612 1608 778 1645 similem
811 1608 896 1645 visa
927 1621 967 1644 es
999 1621 1070 1644 nec
1097 1608 1268 1646 habere†
1296 1621 1382 1656 quae
1410 1613 1647 1656 sequentem,
1676 1607 1772 1644 felix
1800 1620 1886 1656 quae

401 1664 568 1699 nimium
588 1676 638 1709 es,
661 1662 799 1699 Maria.

295 1717 420 1754 Velut
438 1717 495 1753 sol
514 1717 661 1753 micans
680 1720 820 1753 cuncta
839 1715 1096 1752 conscendisti
1110 1716 1313 1765 globorum
1332 1715 1551 1762 luminaria,
1573 1715 1730 1751 lucerna
1756 1714 1886 1752 nitens

402 1771 506 1807 inter
526 1771 660 1807 choros
679 1770 915 1819 angelorum.

301 1824 428 1861 Hodie
446 1824 530 1861 caeli
548 1824 694 1873 templa
712 1823 862 1870 scande,
878 1824 991 1860 beata
1010 1823 1087 1860 Dei
1104 1823 1284 1873 genetrix
1298 1822 1410 1869 alma,
1432 1836 1519 1859 cum
1535 1822 1711 1859 caelicolis
1726 1835 1886 1859 exorare

400 1891 528 1927 regem
557 1891 702 1927 regum.

296 1932 499 1969 Ruricolas
518 1936 677 1968 cunctos
699 1935 769 1968 tua
787 1944 916 1968 annua
944 1930 1156 1968 recolentes
1175 1930 1274 1967 festa
1292 1930 1339 1967 ad
1355 1930 1541 1967 caelestem
1563 1930 1637 1966 duc
1656 1931 1833 1979 patriam.

295 1987 556 2035 Precibusque
574 1985 654 2022 tuis
673 1985 765 2022 fulti
784 1985 976 2033 obtentisss
995 1985 1205 2034 gloriemur
1223 1984 1338 2021 simul
1358 1997 1426 2033 per
1445 1989 1589 2021 aeterna
1608 1984 1756 2020 saecnla.

294 2040 492 2090 Florigera
509 2045 635 2077 castra
653 2052 732 2075 una
750 2039 927 2075 fruamur
945 2039 1056 2075 alma.

1016 2170 1182 2208 XXXI.

598 2253 664 2290 DE
692 2262 842 2290 SANCTA
871 2252 1035 2288 REGINA
1054 2252 1107 2288 acl
1126 2251 1222 2288 Post
1242 2255 1398 2301 partum
1420 2251 1567 2287 Mariae.

641 2334 737 2371 HAG
766 2344 896 2371 CLARA
924 2344 1005 2379 DIE,
1026 2338 1070 2369 ut
1089 2345 1209 2382 supra
1231 2331 1321 2382 (vol.
1343 2332 1383 2368 ii.
1405 2345 1440 2381 p.
1464 2332 1544 2379 86).

992 2463 1185 2500 XXXII.

465 2547 588 2584 Prosa
607 2546 662 2583 ad
677 2545 885 2595 Sequentia
913 2557 966 2583 DE
995 2556 1145 2582 SANCTA
1175 2544 1322 2581 MARIA
1350 2544 1402 2580 ad
1430 2542 1554 2579 Maris
1578 2542 1698 2580 stella.

291 2629 422 2666 SALVE
451 2640 581 2666 PORTA
599 2633 794 2678 perpetuae
814 2628 912 2665 lucis
930 2628 1090 2677 fulgida,

290 2683 414 2720 Maris
434 2683 556 2728 stella,
576 2683 726 2731 inclyta
746 2683 926 2728 Domina,
949 2684 1058 2731 virgo
1078 2685 1278 2729 materque
1299 2679 1374 2716 Dei
1390 2679 1530 2724 Maria,

289 2737 498 2774 Praeelecta
516 2737 638 2786 ipsius
656 2737 782 2785 gratia
800 2741 891 2772 ante
910 2735 1108 2772 saecularia
1126 2740 1302 2783 tempora
1320 2748 1327 2770 z

289 2791 361 2827 Oui
382 2791 520 2827 missus
540 2790 699 2826 Gabriel
726 2789 980 2839 archangelus
1007 2789 1107 2825 mira
1135 2788 1277 2825 detulit
1296 2801 1319 2823 a
1348 2787 1430 2823 Deo
1448 2786 1593 2822 famina
1613 2785 1759 2821 mundo
1778 2798 1877 2821 nun-

394 2857 509 2893 quam
530 2843 675 2880 audita.

287 2899 429 2943 Avetn,
451 2897 590 2943 Maria,
611 2910 696 2947 quae
725 2897 847 2934 totius
874 2897 989 2946 plena
1016 2895 1189 2932 muneris
1207 2895 1367 2944 effulges
1394 2893 1531 2943 gratia,
1554 2897 1611 2929 est
1639 2906 1729 2929 nam
1750 2897 1878 2929 tecum

392 2951 587 2988 Dominus
601 2964 611 2997 3

333 3048 349 3066 ὃ·
364 3047 493 3077 MS.-a
506 3051 609 3077 cantu.
807 3048 824 3086 †
838 3026 1018 3076 MSi—visa
1032 3056 1090 3076 nce
1105 3046 1238 3076 habebis
1252 3055 1333 3083 quae.
1535 3044 1551 3083 ss
1567 3042 1837 3074 ivis—obtentus.
