1979 3348
415 217 653 272 Fragymeut
674 216 725 272 of
748 232 776 258 α
797 216 847 257 M
852 216 956 258 issal
975 216 1027 271 of
1050 216 1115 258 the
1144 216 1221 258 Usa
1240 217 1293 272 of
1315 217 1512 259 Limeoln.
1670 221 1749 262 347

253 326 494 375 Sequentia&

306 381 515 418 Precamur
533 385 685 418 nostras
704 382 811 419 Deus
831 382 1054 430 animasque
1074 381 1328 418 conscientias
1347 381 1461 427 digne
1481 382 1636 428 munda,

306 435 358 471 Et
377 448 481 471 nunc
500 439 632 471 nostra
652 435 830 471 Christus
850 435 1008 471 veniens
1028 435 1141 471 corda
1161 435 1235 471 sibi
1253 435 1429 471 inveniat
1448 439 1592 484 parata.

250 498 506 547 E'vauyelz'um
523 500 733 536 seczmclum,
754 499 803 534 M
800 499 1030 546 cathecum(
1032 499 1081 535 mi.
1106 499 1229 549 2-10).

251 552 302 588 In
329 553 397 589 illo
425 557 606 601 tempore,
639 553 736 589 Cum
765 552 934 589 audisset
962 552 989 589 J
994 553 1164 589 ohannes
1198 554 1237 588 in
1268 553 1432 589 vinculis
1461 565 1577 602 opera
1605 552 1749 590 Christi

169 618 288 654 usque
307 607 360 643 ad
378 607 446 655 qui
465 607 699 655 praeparabit
718 606 823 643 viam
843 610 951 643 tuam
971 610 1062 643 ante
1082 611 1131 643 te.

250 670 503 718 Offertorium.

249 724 503 771 Benedixisti,
541 725 722 770 Domine,
758 729 900 762 terram
930 729 1064 762 tuam:
1093 725 1272 762 avertisti
1301 725 1572 775 captivitatem
1599 725 1749 763 Jacob:

166 778 352 815 remisisti
370 779 619 827 iniquitatem
638 779 761 828 plebis
780 784 867 816 tuae.

245 843 405 880 Secreta.

247 897 479 934 Devotionis
498 900 639 933 nostrae
658 897 743 943 tibi,
762 897 942 942 Domine,
961 910 1192 946 quaesumus,
1211 897 1336 933 hostia
1351 898 1500 946 jugiter
1514 898 1748 943 immoletur,

163 963 248 999 quae
269 954 309 987 et
326 951 424 988 sacri
442 955 599 1000 peragat
617 951 801 988 instituta
820 952 1009 1000 mysterii,
1023 955 1061 988 et
1076 951 1244 988 salutare
1259 956 1372 987 tuum
1392 952 1503 988 nobis
1521 951 1751 988 mirabiliter

164 1009 354 1053 operetur.
414 1004 490 1041 Per
508 1004 734 1040 Dominum.

247 1069 487 1107 Communio.

242 1124 396 1170 Dicite,
443 1123 728 1169 Pusillanimes,
749 1124 1034 1169 confortamini,
1063 1128 1102 1161 et
1131 1124 1252 1161 nolite
1281 1124 1427 1161 timere.
1514 1123 1612 1161 Ecce
1643 1124 1748 1161 Deus

159 1181 292 1214 noster
309 1177 451 1224 veniet,
469 1182 508 1214 et
526 1177 692 1214 salvabit
709 1190 790 1214 nos.

244 1231 565 1268 Postcommuuio.

238 1284 510 1334 Imploramus,
548 1285 728 1330 Domine,
762 1285 1004 1322 clementiam
1047 1289 1166 1329 tuam,
1199 1290 1242 1321 ut
1282 1286 1361 1322 haec
1394 1285 1528 1321 divina
1550 1285 1698 1334 judicia
1726 1298 1749 1321 a

160 1338 268 1375 vitiis
288 1339 464 1388 expiatos
483 1339 532 1376 ad
550 1340 649 1376 festa
668 1343 836 1376 ventura
855 1352 926 1376 nos
945 1344 1173 1388 przeparent.
1225 1339 1301 1375 Per
1322 1339 1538 1375 Dominum
1556 1343 1745 1376 nostrum.

390 1453 522 1490 FEmA
551 1464 712 1497 QUARTA
742 1464 784 1490 IN
811 1464 977 1491 JEJUMO
1008 1453 1232 1498 QUATTUOR
1259 1454 1499 1491 TEMPORUM.

242 1527 425 1576 Officium.

242 1582 401 1628 Rorate,
422 1583 515 1629 caeli,
537 1582 728 1632 desuper,
761 1587 799 1619 et
827 1584 949 1620 nubes
976 1583 1115 1632 pluant
1138 1584 1318 1632 justum;
1347 1584 1546 1633 aperiatur
1574 1587 1679 1620 terra
1707 1586 1745 1619 et

158 1636 351 1685 germinet
371 1636 623 1673 salvatorem.

167 1690 203 1726 V.
235 1690 289 1726 Et
302 1690 461 1739 justitia
479 1690 628 1727 oriatur
647 1690 762 1727 simul
782 1705 788 1727 :
820 1704 889 1739 ego
909 1691 1103 1728 Dominus
1122 1690 1250 1727 creavi
1270 1704 1366 1727 eum.

239 1743 385 1790 Gloria,
407 1744 488 1781 sine
508 1744 702 1781 Dominus
720 1745 929 1781 vobiscum.

240 1808 384 1845 Oratio.

237 1861 398 1909 Praesta,
429 1875 660 1911 quaesumus,
691 1862 936 1912 omnipotens
965 1863 1083 1909 Deus,
1115 1867 1160 1900 ut
1187 1863 1464 1912 redemptionis
1490 1867 1631 1900 nostrae
1658 1877 1745 1901 ven—

156 1919 247 1952 tura
274 1915 513 1952 sollemnitas
542 1920 581 1953 et
608 1917 810 1965 praesentis
838 1917 949 1953 nobis
977 1917 1068 1953 vitae
1097 1917 1268 1954 subsidia
1307 1917 1491 1962 conferat,
1523 1921 1563 1954 et
1590 1921 1743 1955 aeternae

156 1969 411 2006 beatitudinis
438 1970 599 2020 praemia
627 1970 825 2019 largiatur.
886 1971 962 2007 Per
990 1971 1215 2007 Dominum.

235 2033 361 2070 Lectio
381 2033 528 2081 leqatur
547 2048 572 2071 a
602 2035 770 2082 quodam
803 2034 1044 2072 Subdiucono
1077 2034 1234 2072 Amictu
1264 2041 1297 2072 ec
1323 2034 1422 2072 Alba
1450 2035 1587 2072 induto
1616 2049 1742 2073 coram

154 2087 341 2134 yradibus
354 2087 513 2124 Almo-is.

237 2150 364 2188 Lectio
380 2152 508 2188 Esaiae
528 2152 724 2202 Proplaetce
743 2152 806 2202 (ii.
833 2153 930 2202 2-5).

239 2205 289 2241 In
321 2205 457 2242 diebus
485 2206 574 2253 illis,
610 2207 728 2243 Dixit
761 2207 896 2243 Esaias
928 2207 1139 2256 propheta:
1173 2207 1261 2243 Erit
1289 2208 1330 2243 in
1359 2207 1580 2244 novissimis
1608 2208 1742 2245 diebus

156 2271 274 2306 usque
293 2260 345 2295 ad
364 2260 605 2297 ambulemus
624 2261 666 2297 in
684 2260 833 2297 lumine
853 2261 1015 2297 Domini
1034 2261 1109 2297 Dei
1129 2261 1263 2297 nostri.

238 2321 414 2360 Gradale.

237 2376 379 2413 Tollite
403 2382 544 2426 portas,
570 2378 774 2428 principes,
800 2382 949 2416 vestras
964 2392 975 2426 3
1010 2384 1048 2416 ct
1077 2380 1282 2416 elevamini
1310 2385 1431 2429 portae
1460 2380 1672 2427 aeternales,
1701 2384 1741 2417 et

155 2429 338 2466 introibit
356 2443 426 2467 rex
444 2432 586 2480 gloriae.

163 2483 201 2521 V.
235 2483 332 2528 Quis
361 2485 542 2522 ascendet
571 2486 613 2521 in
642 2490 815 2523 montem
846 2487 1030 2522 Domini:
1060 2491 1129 2523 aut
1159 2487 1246 2536 quis
1275 2487 1395 2524 stabit
1425 2487 1467 2523 in
1496 2487 1579 2524 loco
1608 2492 1741 2524 sancto

154 2537 260 2583 ejus:
295 2538 479 2575 innocens
498 2540 678 2576 manibus
698 2544 738 2577 et
756 2541 902 2577 mundo
921 2541 1043 2577 corde.

234 2602 279 2638 H
278 2601 313 2639 ic
331 2602 476 2639 dicitur
495 2603 688 2641 Dominus
707 2604 916 2641 vobiscum.

238 2666 378 2704 Oratio.

234 2720 403 2767 Festina,
444 2734 676 2771 quaesumus,
720 2722 900 2769 Domine,
940 2735 988 2759 ne
1031 2723 1272 2769 tardaveris3
1318 2729 1358 2759 et
1399 2723 1592 2760 auxilium
1628 2723 1739 2760 nobis

152 2785 329 2822 supernae
352 2775 514 2812 virtutis
538 2775 740 2824 impende:
769 2781 815 2812 ut
833 2776 1024 2812 adventus
1043 2777 1103 2813 tui
1128 2777 1454 2814 consolationibus
1474 2777 1737 2823 subleventur,

154 2827 223 2875 qui
250 2827 292 2863 in
318 2832 388 2865 tua
415 2830 561 2878 pietate
589 2829 799 2867 confidunt.
859 2830 936 2875 Qui
965 2830 1067 2866 vivis
1097 2835 1137 2867 et
1166 2844 1303 2880 regnas
1333 2844 1421 2867 cum
1452 2831 1536 2867 Deo
1560 2831 1678 2867 Patre
1697 2830 1738 2866 in

153 2880 306 2918 unitate
327 2883 496 2932 Spiritus
517 2883 651 2920 Sancti
671 2883 787 2920 Deus.
845 2883 922 2921 Per
940 2883 1069 2920 omnia
1089 2884 1226 2921 saecula
1245 2885 1482 2921 saeculorum.
1541 2884 1680 2921 Amen.

752 2969 766 2986 ¹
796 2967 868 2997 Vide
890 2978 995 3007 supra,
1015 2979 1045 3007 p.
1066 2971 1132 2998 303.
