1979 3348
249 215 330 256 226
856 215 912 255 Oct
923 214 1043 255 utelcc
1073 213 1127 255 M
1125 213 1236 256 issoe.

244 325 401 362 missam
437 324 633 374 inceptam
670 324 855 369 deserere,
897 328 936 361 et
973 324 1257 362 absolutionem
1293 329 1451 375 petere3
1485 325 1562 363 nisi
1598 326 1690 371 inde
1722 339 1839 376 grave

247 378 472 416 scandalum
491 379 652 415 oriatur.

329 432 432 469 Item
451 432 484 469 si
503 445 634 469 musca
649 431 709 468 vel
728 444 869 468 aranea
886 431 950 468 vel
977 431 1126 480 aliquid
1154 431 1294 468 talium
1323 436 1415 470 ante
1445 433 1768 471 consecrationem
1798 434 1840 471 in

249 485 406 523 calicem
420 486 612 531 ceciderit,
626 485 688 522 vel
703 485 821 521 etiam
833 498 1028 522 venenum
1042 486 1134 522 imm
1140 485 1259 522 issum
1272 486 1354 522 fore
1368 486 1665 535 deprehenderit
1673 501 1683 535 3
1702 488 1841 524 Vinum

247 540 363 577 debet
377 539 524 576 effundi
536 539 639 589 quod
654 542 712 575 est
726 539 767 575 'm
783 538 911 584 calice,
925 543 964 576 et
978 538 1112 576 abluto
1127 539 1244 576 calice
1258 539 1366 576 aliud
1379 541 1517 577 vinum
1532 553 1619 577 cum
1634 554 1733 590 aqua
1749 542 1842 591 poni

245 594 296 630 ad
315 593 625 631 consecrandum.
685 592 761 629 Sed
785 592 819 628 si
837 591 994 642 aliquod
1020 593 1160 629 horum
1179 597 1267 643 post
1291 595 1618 631 consecrationem
1640 595 1841 643 acciderit3

246 647 360 684 debet
379 660 511 684 musca
530 647 591 683 vel
610 659 752 683 aranea
769 646 832 683 vel
855 646 1004 695 aliquid
1036 646 1178 683 talium
1203 651 1315 684 caute
1334 648 1431 697 capi,
1454 651 1493 684 et
1513 647 1719 697 diligenter
1737 649 1843 686 inter

245 701 387 751 digitos
406 701 551 750 pluries
569 700 704 747 lava-ri,
725 703 765 737 et
783 700 926 737 vermis
945 700 1119 737 comburi
1135 713 1147 747 3
1173 704 1214 737 et
1240 701 1389 737 ablutio
1417 714 1506 738 cum
1526 701 1720 739 cineribus
1739 715 1840 739 com-

243 755 350 792 busti
369 755 411 791 in
430 754 595 792 sacrario
614 754 758 804 reponi.
817 753 1027 791 Venenum
1057 758 1189 791 autem
1215 754 1324 791 nullo
1352 755 1466 792 modo
1485 755 1599 792 debet
1618 756 1744 802 sumi3
1774 756 1842 793 sed

243 821 332 846 cum
352 809 526 858 reliquiis
545 808 660 845 debet
678 808 834 858 sanguis
852 807 942 845 talis
974 807 1037 844 cui
1069 820 1265 845 Venenum
1294 812 1352 845 est
1380 809 1598 845 immissum
1616 809 1660 845 in
1684 809 1841 846 vasculo

244 863 389 899 mundo
426 862 655 899 conservari.
731 862 785 898 Et
817 875 866 898 ne
897 865 1182 898 sacramentum
1219 866 1376 899 maneat
1409 862 1690 912 imperfectum,
1723 863 1839 900 debet

242 917 401 954 calicem
429 916 556 953 denuo
573 916 648 953 rite
674 929 901 965 praeparare,
934 920 973 953 et
998 928 1192 953 resumere
1215 916 1545 953 consecrationem
1567 917 1766 966 sanguinis
1791 917 1841 954 ab

242 971 317 1007 isto
336 970 418 1008 loco
437 969 570 1008 Simili
588 971 699 1008 modo
712 976 966 1019 posteaquam
985 975 1177 1007 caenatum
1196 975 1257 1007 est.
1317 970 1371 1006 Et
1390 975 1484 1007 nota
1504 970 1607 1019 quod
1627 971 1840 1008 secundum

244 1025 429 1071 doctores,
450 1023 551 1060 nihil
569 1023 828 1061 abominabile
848 1023 951 1060 sumi
969 1023 1084 1060 debet
1103 1023 1300 1060 occasione
1320 1023 1439 1073 hujus
1458 1024 1699 1061 sacramenti.

325 1079 428 1115 Item
458 1078 492 1115 si
519 1078 693 1115 sacerdos
721 1090 800 1114 non
828 1077 965 1114 recolit
993 1090 1032 1114 se
1060 1077 1203 1114 dixisse
1231 1077 1380 1127 aliquid
1409 1078 1549 1114 horum
1586 1091 1672 1127 quae
1705 1078 1842 1115 debuit

245 1131 382 1178 dicere,
420 1145 499 1169 non
529 1131 644 1168 debet
676 1135 807 1168 mente
840 1131 1017 1178 turbari3
1046 1143 1127 1167 non
1157 1131 1261 1168 enim
1294 1131 1363 1180 (1111
1396 1131 1522 1168 multa
1559 1131 1654 1169 dicit
1691 1145 1841 1182 semper

244 1186 380 1223 recolit
398 1199 484 1235 quae
504 1185 618 1224 dixit.
677 1185 822 1230 Etiam,
842 1185 875 1221 si
894 1184 968 1221 sibi
982 1197 1052 1233 pro
1071 1189 1178 1221 certo
1196 1189 1361 1231 constat,
1382 1185 1485 1234 quod
1497 1185 1630 1235 aliqua
1642 1185 1816 1222 omiserit
1831 1199 1841 1232 3

245 1240 279 1276 si
309 1240 404 1276 talia
433 1252 513 1275 non
543 1243 636 1275 sunt
672 1239 720 1276 de
756 1239 984 1275 necessitate
1022 1238 1266 1285 sacramenti,
1306 1239 1408 1275 sicut
1445 1243 1537 1275 sunt
1575 1239 1739 1276 Secretae
1777 1239 1840 1276 vel

245 1293 376 1343 aliqua
404 1293 522 1330 verba
551 1293 732 1339 Canonis,
762 1292 868 1329 ultra
895 1292 1088 1341 procedat,
1118 1305 1188 1329 nec
1216 1292 1365 1341 aliquid
1394 1296 1576 1329 resumat.
1635 1293 1677 1330 Si
1707 1298 1840 1330 tamen

244 1347 500 1397 probabiliter
531 1346 606 1383 sibi
635 1350 797 1393 constat,
820 1346 924 1395 quod
954 1345 1086 1382 omisit
1115 1346 1266 1395 aliquid
1296 1346 1400 1395 quod
1438 1347 1490 1383 sit
1528 1347 1575 1383 de
1611 1347 1841 1384 necessitate

245 1401 486 1447 sacramenti,
517 1401 619 1437 sicut
646 1400 771 1437 forma
798 1401 1007 1437 verborum
1034 1412 1102 1449 per
1130 1413 1248 1449 quam
1276 1405 1532 1446 consecratur,
1563 1401 1694 1437 omnia
1721 1402 1841 1438 verba

245 1455 541 1492 consecrationis
569 1467 684 1504 super
713 1467 823 1491 suam
855 1453 1059 1491 materiam
1093 1466 1287 1491 resumere
1321 1453 1448 1501 debet,
1480 1454 1571 1504 quia
1605 1455 1840 1492 consecratio

244 1509 346 1546 sacta
374 1522 454 1546 non
473 1512 573 1545 esset
587 1521 598 1555 3
617 1509 722 1558 quod
736 1512 868 1545 tamen
881 1521 961 1545 11011
980 1511 1142 1556 oportet,
1164 1508 1196 1544 si
1216 1508 1475 1557 praetermissa
1494 1521 1573 1544 non
1592 1512 1703 1545 esset.
1745 1508 1843 1545 Con-

237 1564 392 1613 junctio
422 1563 524 1600 enim
542 1562 605 1599 vel
632 1562 709 1598 alia
736 1562 854 1599 verba
873 1575 958 1612 quae
987 1561 1212 1611 praecedunt
1230 1561 1292 1598 vel
1320 1566 1539 1611 sequuntur
1561 1561 1737 1605 formam,
1759 1575 1839 1599 non

245 1622 338 1654 sunt
356 1617 404 1654 de
422 1616 544 1666 ipsius
564 1616 793 1653 substantia.

327 1671 369 1708 Si
396 1675 527 1708 autem
556 1670 731 1707 sacerdos
759 1669 969 1716 dubitaret,
992 1682 1042 1705 an
1069 1668 1229 1719 aliquod
1257 1670 1422 1706 verbum
1450 1669 1649 1719 pertinens
1678 1670 1727 1706 ad
1756 1670 1842 1706 sub-

245 1725 431 1763 stantiam
450 1725 583 1761 formae
603 1724 734 1761 omisit
753 1724 815 1760 vel
834 1736 913 1760 non
930 1736 941 1770 3
969 1723 1195 1760 nullatenus
1214 1723 1329 1760 debet
1351 1736 1505 1760 servare
1525 1724 1689 1760 formam
1715 1724 1842 1760 condi-

245 1779 442 1825 tionalem,
455 1779 521 1815 sed
540 1778 622 1815 sine
634 1778 840 1814 temeraria
851 1776 1062 1814 assertione
1077 1776 1241 1813 formam
1256 1781 1379 1814 totam
1392 1790 1507 1826 super
1521 1790 1630 1813 suam
1645 1777 1843 1827 propriam

244 1833 449 1870 materiam
468 1832 582 1869 debet
610 1844 805 1869 resumere
825 1844 913 1868 cum
940 1831 1012 1867 hac
1032 1831 1262 1877 intentione,
1284 1831 1387 1880 quod
1416 1831 1450 1867 si
1478 1831 1713 1868 consecratio
1742 1836 1842 1868 esset

244 1887 357 1933 facta,
384 1886 493 1923 nullo
530 1886 645 1922 modo
677 1885 865 1923 voluisset
889 1897 1154 1931 consecrasse3
1193 1884 1259 1921 sed
1290 1884 1324 1921 si
1361 1885 1598 1922 consecratio
1626 1897 1706 1922 non
1742 1890 1841 1922 esset

245 1941 357 1987 facta,
378 1940 497 1977 vellet
517 1952 654 1989 corpus
673 1943 713 1976 et
732 1939 960 1988 sanguinem
980 1951 1211 1975 consecrare.

325 1995 441 2041 Item,
463 1994 497 2031 si
516 1994 603 2043 quis
622 1997 795 2043 tempore
808 1991 1106 2029 consecrationis
1121 1992 1170 2028 ab
1189 1992 1335 2029 actuali
1348 1992 1568 2029 intentione
1583 1996 1622 2029 et
1635 1992 1841 2029 devotione

245 2049 455 2086 distractus
474 2047 606 2093 suerit,
627 2047 882 2084 nihilominus
911 2049 1118 2090 consecrat,
1140 2046 1349 2082 dummodo
1378 2046 1546 2082 intentio
1566 2046 1778 2083 habitualis
1797 2047 1840 2083 in

245 2116 289 2140 eo
322 2101 579 2148 remanserit,
618 2114 769 2138 summo
802 2100 1010 2145 sacerdote,
1041 2099 1186 2137 scilicet
1221 2099 1389 2147 Christo,
1426 2100 1630 2150 supplente
1664 2101 1747 2150 ejus
1781 2100 1842 2137 de-

245 2157 399 2195 fectum.

329 2211 370 2248 Si
385 2214 518 2247 autem
533 2223 602 2259 per
615 2208 778 2246 nimiam
794 2208 1087 2245 distractionem
1101 2207 1314 2244 habitualis
1328 2207 1497 2244 intentio
1513 2220 1601 2244 011111
1615 2207 1758 2245 actuali
1771 2208 1841 2244 tol-

245 2265 402 2309 leretur,
421 2264 577 2301 videtur
596 2264 700 2313 quod
720 2262 875 2300 deberet
895 2261 1015 2299 verba
1034 2261 1332 2299 consecrationis
1352 2275 1441 2298 cum
1459 2261 1603 2298 actuali
1622 2261 1840 2299 intentione

244 2332 451 2365 resumere,
472 2318 526 2355 sic
541 2322 672 2354 tamen
688 2317 791 2367 quod
803 2316 925 2353 nollet
940 2329 1172 2362 consecrare,
1194 2316 1228 2352 si
1247 2315 1481 2353 consecratio
1501 2315 1603 2352 facta
1622 2320 1732 2352 esset.

327 2373 443 2419 Item,
479 2372 512 2409 si
540 2371 668 2409 hostia
700 2374 919 2413 consecrata
946 2374 1105 2419 propter
1134 2370 1258 2419 frigus
1279 2369 1342 2406 vel
1370 2369 1446 2405 alia
1474 2369 1521 2405 de
1549 2382 1662 2406 causa
1694 2369 1841 2407 labitur

247 2427 438 2464 sacerdoti
464 2426 507 2462 in
535 2426 704 2472 calicem,
725 2425 807 2462 sive
831 2429 922 2461 ante
952 2424 1184 2461 divisionem
1203 2423 1340 2460 hostiae
1369 2423 1451 2459 sive
1479 2427 1566 2472 post
1579 2437 1590 2470 3
1618 2436 1696 2460 11011
1726 2423 1840 2460 debet

245 2494 331 2517 eam
369 2480 417 2517 de
454 2480 641 2529 sanguine
688 2478 903 2524 extrahere,
943 2491 1014 2514 1100
1049 2477 1198 2527 aliquid
1236 2481 1395 2526 propter
1430 2477 1502 2513 hoc
1548 2477 1731 2513 reiterare
1778 2477 1841 2513 vel

245 2535 455 2571 immutare
483 2534 583 2571 circa
610 2533 908 2570 celebrationem
936 2531 1180 2578 sacramenti,
1209 2531 1276 2568 sed
1303 2531 1486 2580 procedat
1512 2530 1555 2566 in
1582 2530 1702 2580 signis
1729 2535 1770 2566 et
1798 2531 1840 2567 111

246 2588 332 2625 aliis
351 2601 395 2625 ac
415 2588 448 2624 si
466 2587 627 2624 haberet
646 2600 730 2623 eam
742 2587 784 2623 in
804 2586 994 2624 manibus.

328 2642 371 2679 Si
408 2641 641 2678 eucharistia
677 2641 726 2677 ad
763 2645 909 2677 terram
947 2639 1138 2686 ceciderit,
1178 2638 1286 2676 locus
1330 2638 1400 2675 ubi
1439 2638 1566 2687 jacuit
1602 2637 1764 2674 radatur
1800 2642 1840 2675 et

247 2696 487 2733 incineretur
514 2708 583 2744 per
610 2695 751 2744 ignem,
782 2698 821 2731 et
849 2694 946 2730 cinis
969 2694 1088 2743 juxta
1115 2693 1237 2729 altare
1265 2692 1462 2730 condatur.

329 2749 445 2794 Item,
484 2749 518 2785 si
561 2761 630 2798 per
666 2748 944 2798 negligentiam
981 2747 1131 2797 aliquid
1164 2747 1211 2783 de
1248 2745 1435 2795 sanguine
1468 2745 1678 2782 stillaverit
1723 2758 1838 2794 super

248 2803 422 2841 tabulam
442 2815 527 2852 quae
547 2806 660 2839 terrae
689 2802 870 2848 adhaeret,
893 2801 996 2838 stilla
1023 2814 1092 2850 per
1120 2800 1356 2837 sacerdotem
1376 2812 1463 2836 cum
1491 2799 1626 2848 lingua
1644 2799 1840 2835 lambatur

248 2863 288 2895 et
306 2858 412 2895 100115
437 2856 581 2893 tabulae
605 2856 788 2904 radatur3
818 2859 859 2892 et
876 2868 1011 2892 rasura
1029 2855 1112 2904 igni
1131 2854 1391 2899 comburatur,
1412 2857 1452 2889 et
1471 2852 1566 2890 cinis
1580 2853 1698 2902 juxta
1717 2853 1839 2889 altare

247 2925 335 2949 cum
354 2910 530 2960 reliquiis
549 2909 782 2946 recondatur
789 2922 799 2956 3
825 2913 865 2946 et
879 2909 1137 2958 quadraginta
1156 2908 1291 2944 diebus
1310 2906 1496 2956 paeniteat
1515 2907 1577 2943 cui
1597 2907 1667 2943 hoc
1686 2906 1836 2945 accidit.

329 2965 371 3003 Si
387 2978 475 3002 vero
495 2963 820 3014 superstillaverit
839 2963 964 3010 calix,
985 2963 1186 3001 sorbeatur
1210 2961 1325 3009 stilla,
1342 2960 1468 2998 tribus
1488 2961 1623 2998 diebus
1642 2960 1837 3010 paeniteat.
