1979 3348
258 231 313 276 70
904 232 1031 275 Festa
1060 231 1098 273 J
1093 231 1195 273 ulii.

537 387 685 425 EODEM
712 398 783 424 Dm
811 396 1051 424 sAncroizuM
1079 386 1239 424 SEPTEM
1266 386 1574 427 Domnmwnuu.

344 476 527 526 Officium.
591 478 703 516 Salus
722 482 854 516 autem
868 478 1078 527 justorum.

343 531 486 570 Oratio.
545 532 665 579 Deus,
684 532 752 581 qui
766 531 951 582 gloriosos
970 535 1124 568 aeternae
1142 532 1458 570 resurrrectionis
1475 544 1668 582 praecones
1687 531 1844 582 Septem

263 585 513 623 Dormientes
540 586 743 636 magnifice
768 586 961 622 coronasti
977 599 986 632 3
1019 589 1172 635 praesta,
1198 598 1428 635 quaesumus,
1449 590 1496 623 ut
1515 599 1649 624 eorum
1666 586 1847 637 precibus

261 640 581 677 resurrectionem
612 644 796 686 sanctam,
818 652 903 689 quae
935 640 978 676 in
1015 639 1070 676 eis
1099 639 1332 677 mirabiliter
1358 644 1593 690 praeostensa
1620 644 1690 687 est,
1719 652 1848 678 conse-

265 706 440 743 quamur.
500 694 584 731 Per.

344 747 530 796 Epistola.
588 747 616 784 J
619 752 796 784 ustorum
815 747 965 784 animae.

347 800 524 838 Gradalc.
581 801 609 838 J
612 805 789 837 ustorum
808 802 957 838 animae.

345 854 539 903 Alleluya.
607 855 643 892 V.
676 855 881 892 Mirabilis.

345 907 612 956 Evauqelium.
671 909 882 945 Attendite
901 921 924 945 a
943 909 1143 945 fermento.

347 960 599 1009 Offizrtorium.
658 962 938 999 Exsultabunt.

345 1014 505 1053 Secreta.

347 1068 465 1116 Deus,
486 1070 529 1106 in
548 1082 625 1119 quo
644 1073 703 1106 est
722 1069 898 1106 omnium
920 1071 1120 1119 justorum
1149 1068 1301 1118 requies
1326 1072 1366 1107 et
1386 1082 1465 1119 pax
1487 1072 1594 1107 certa
1613 1072 1848 1117 sanctorum,

267 1121 397 1159 tribue
416 1123 528 1160 nobis
546 1123 722 1172 pacificas
752 1123 899 1160 hostias
928 1123 1003 1159 tibi
1033 1124 1149 1172 digne
1180 1124 1343 1170 offerre;
1371 1127 1417 1160 ut
1440 1123 1716 1172 perfectionem
1734 1123 1851 1172 pacis,

268 1188 347 1225 qua
375 1177 436 1213 tui
465 1177 589 1213 sancti
613 1177 696 1226 jam
726 1177 914 1214 fruuntur
943 1177 985 1213 in
1015 1177 1128 1223 caelis,
1161 1190 1231 1215 nos
1254 1177 1405 1228 jugiter
1426 1177 1526 1214 hanc
1554 1177 1788 1215 meditemur
1810 1177 1853 1214 in

269 1230 394 1266 terris.
453 1230 529 1267 Per
548 1230 774 1267 Dominum.

352 1283 592 1321 Communia.
648 1285 855 1321 Justorum
874 1284 1024 1321 animae.

350 1337 670 1375 Postcommum'o.

351 1390 583 1428 Sanctorum
600 1395 772 1437 tuorum,
793 1391 973 1439 Domine,
994 1391 1178 1428 victorias
1196 1392 1408 1429 recolentes
1433 1395 1672 1429 sacramenta
1689 1390 1856 1442 percepi-

271 1457 381 1492 mus3
408 1449 550 1494 praesta
568 1445 691 1491 nobis,
712 1458 944 1495 quaesumuS,
965 1458 1099 1482 eorum
1127 1445 1278 1482 meritis
1305 1445 1603 1496 indulgentiam,
1622 1446 1665 1482 in
1689 1458 1855 1495 quorum

272 1498 507 1536 dormitione
524 1503 635 1536 tuam
654 1499 985 1550 magnificentiam
1004 1499 1277 1537 collaudamus.
1336 1499 1413 1537 Per
1432 1500 1658 1537 Dominum.

376 1658 524 1697 SANcrl
553 1659 789 1706 SAMPsoms,
821 1670 1000 1697 Emscom
1029 1670 1079 1697 Er
1107 1670 1378 1697 cournssoms.
1438 1659 1490 1710 (v.
1513 1659 1605 1697 Kal.
1628 1659 1750 1710 Aug.)

355 1750 541 1799 Officium.
600 1752 760 1789 Statuit.

307 1825 311 1829 ·
357 1805 500 1844 Oratio.
560 1806 634 1853 Da,
657 1819 889 1855 quaesumus.

353 1860 545 1897 Memoria
563 1861 610 1897 cle
627 1866 759 1897 sancto
773 1860 1019 1907 Pcmtaleone,
1041 1864 1221 1910 martyre,
1242 1865 1287 1897 ut
1305 1860 1350 1898 iu
1370 1859 1589 1898 Communi.

353 1914 539 1962 Epistola.
599 1914 697 1951 Ecce
717 1914 902 1952 sacerdos,

360 1967 539 2004 Gradale.
596 1968 625 2005 J
627 1969 769 2004 uravit.

355 2022 551 2070 Alleluya.
618 2022 656 2059 V.
687 2022 715 2059 J
718 2026 829 2059 ustus
854 2022 1100 2071 germinabit.

355 2075 622 2124 Evanyelium.
681 2075 814 2112 Homo
833 2076 992 2125 quidam
1011 2088 1182 2125 peregre.

360 2129 616 2176 Offertorium.
674 2130 846 2167 Veritas.

360 2182 602 2221 Communia
661 2183 808 2220 Fidelis
828 2197 972 2220 servus.

348 2337 593 2376 SANOTORUM
620 2348 847 2375 MARTYRUM
876 2337 1050 2384 FELICIS,
1080 2347 1219 2384 PAPAE3
1264 2347 1314 2374 ΕΤ
1342 2336 1553 2384 Smpmcn,
1585 2335 1794 2383 FAus‘rmr,

724 2415 774 2440 ET
802 2404 1033 2441 BEA'rmoIs.
1093 2402 1161 2455 (iv.
1183 2402 1276 2440 Kal.
1299 2402 1426 2453 Aug.)

363 2489 547 2538 Officium.
606 2489 833 2528 Sacerdotes
853 2491 947 2539 ejus.

367 2543 514 2581 Oratio.

361 2597 641 2635 Infirmitatem
669 2601 842 2634 nostram
862 2597 1020 2647 respice,
1040 2609 1271 2646 quaesumus,
1293 2596 1400 2633 Deus
1428 2595 1685 2645 omnipotens,
1704 2599 1745 2633 et
1772 2596 1865 2645 quia

280 2652 432 2703 pondus
450 2652 614 2701 propriae
634 2652 797 2689 actionis
816 2657 966 2701 gravat,
982 2652 1087 2689 beati
1102 2651 1243 2689 Felicis
1261 2650 1446 2700 martyris
1463 2650 1525 2687 tui
1539 2653 1657 2699 atque
1669 2648 1866 2699 pcntificis

283 2706 508 2744 intercessio
527 2705 694 2755 gloriosa
711 2718 781 2742 nos
800 2709 988 2755 protegat.
1167 2709 1171 2713 '

368 2759 512 2798 Oratio.

366 2813 525 2860 Praesta,
547 2826 778 2862 quaesumUS,
801 2813 1047 2862 omnipotens
1074 2812 1196 2859 Deus,
1227 2816 1273 2848 ut
1298 2812 1399 2848 sicut
1424 2811 1591 2860 populus
1618 2810 1865 2848 Christianus

285 2871 502 2917 martyrum
532 2871 691 2904 tuorum
722 2867 923 2916 Simplicii,
947 2867 1137 2913 Faustini,
1159 2870 1199 2903 et
1229 2865 1419 2903 Beatricis
1448 2865 1655 2914 temporali
1673 2865 1865 2902 sollemni-

284 2926 366 2959 tate
397 2921 622 2970 congaudet,
652 2921 709 2957 ita
741 2920 966 2970 perfruatur
993 2925 1150 2967 aeterna,
1171 2923 1210 2957 et
1239 2919 1343 2969 quod
1361 2919 1464 2956 votis
1488 2919 1668 2965 celebrat,
1699 2931 1868 2968 compre-

284 2976 431 3013 hendat
450 2975 599 3013 effectu.
658 2974 743 3012 Per.
802 2974 882 3012 Sub
902 2988 985 3011 uua
1004 2974 1251 3012 conclusione.
