1979 3348
745 215 871 256 Festa
899 214 1108 269 Auqusti.
1173 184 1175 186 ·
1667 215 1721 260 79

617 324 678 362 De
697 326 806 374 cujus
824 325 969 362 militia

617 378 739 415 Oaeli*
757 379 900 428 gaudet
917 379 1037 427 curia,

617 432 719 477 Quia
737 433 832 469 vicit
850 432 965 470 hodie

670 486 875 523 Ministros
893 485 1090 535 nequitiae.

617 547 679 584 Ut
698 547 802 584 hunc
822 561 910 596 ergo
929 561 997 597 per
1014 551 1224 597 patronum

617 601 909 650 Consequamur
927 602 1019 638 vitae
1038 602 1196 647 donum,

616 654 667 690 In
686 655 791 691 illius
811 655 873 691 die
890 655 989 691 festo

670 707 819 744 Chorus
837 712 969 745 noster
986 708 1099 745 laetus
1113 711 1207 754 esto,

618 761 646 798 J
649 761 844 798 ocundum
862 762 903 797 'm
925 761 1098 798 Ecclesia

673 815 898 852 Decantans
917 815 1095 864 alleluya.

218 893 482 943 Evanyelium.
540 894 631 932 Nisi
648 908 814 946 granum
831 895 1031 932 frumenti.

227 955 479 1004 Offertorium.

220 1008 416 1047 Confessio
436 1015 476 1047 et
494 1010 716 1060 pulcritudo
743 1012 786 1048 111
814 1015 1023 1062 conspectu
1041 1011 1124 1061 ejus
1140 1024 1148 1049 :
1176 1009 1363 1047 sanctitas
1381 1012 1421 1046 et
1439 1007 1730 1058 magnificentia

141 1062 183 1099 in
201 1064 507 1102 sanctificatione
526 1065 619 1114 ejus.

221 1123 380 1163 Secreta.

221 1179 382 1228 Accipe,
419 1193 651 1229 quaesumus,
691 1180 872 1228 Domine,
911 1192 1075 1217 munera
1111 1179 1320 1229 dignanter
1365 1177 1509 1225 oblata,
1549 1180 1589 1215 et
1624 1177 1731 1214 beati

142 1231 347 1270 Laurentii
379 1234 680 1284 suffragantibus
705 1234 856 1272 meritis
885 1235 935 1272 ad
966 1238 1108 1271 nostrae
1136 1233 1274 1271 salutis
1302 1232 1497 1269 auxilium
1525 1232 1731 1282 provenire

143 1286 316 1323 concede.
374 1287 451 1324 Per
470 1288 697 1325 Dominum.

224 1347 460 1388 Communia
520 1350 600 1395 Qui
617 1350 716 1386 mihi
734 1349 942 1387 ministrat.

224 1409 543 1448 Postcommunio.

225 1462 340 1500 Sacro
372 1477 533 1502 munere
565 1465 707 1511 satiati,
733 1465 924 1514 supplices
955 1467 1006 1511 te,
1037 1463 1217 1510 Domine,
1247 1463 1511 1512 deprecamur,
1548 1465 1595 1499 ut
1628 1462 1731 1511 quod

144 1515 284 1554 debitae
330 1518 530 1555 servitutis
576 1518 812 1555 celebramus
861 1518 996 1563 officio,
1045 1517 1312 1554 intercedente
1356 1517 1471 1553 beato
1517 1516 1732 1553 Laurentio

143 1574 315 1620 martyre
333 1575 414 1618 tuo,
437 1572 663 1609 salvationis
683 1576 760 1608 tuae
779 1572 993 1608 sentiamus
1012 1575 1276 1620 augmentum.
1335 1570 1421 1607 Per.

451 1729 599 1767 Smcn
627 1730 827 1778 TIBUBTII,
857 1741 1069 1768 MARTYRIS.
1129 1729 1198 1780 (fii.
1222 1730 1280 1767 Id.
1303 1729 1425 1781 Aug.)

232 1819 414 1870 Officium.
472 1822 501 1860 J
503 1826 624 1870 ustus,
644 1827 691 1860 ut
708 1823 846 1873 palma.

233 1883 375 1921 Oratio.

226 1936 341 1974 Beati
360 1937 532 1974 Tiburi->ii
551 1938 734 1987 martyiis
748 1938 809 1975 tui
822 1951 904 1986 nos,
921 1938 1103 1986 Domine,
1119 1937 1277 1975 foveant
1297 1937 1526 1975 continuata
1543 1938 1734 1988 praesidia,

146 1989 239 2040 quia
274 2004 354 2027 non
390 1991 534 2028 desinis
571 1992 762 2041 propitius
798 1993 957 2040 intueri,
997 2005 1093 2043 quos
1129 1992 1275 2030 talibus
1311 1992 1469 2029 auxiliis
1506 1993 1735 2031 concesseris

147 2044 336 2095 adjuvari.
394 2044 472 2082 Per
491 2045 706 2082 Dominum
726 2050 913 2084 nostrum.

227 2106 416 2156 Epistola.
475 2108 676 2145 Doctrinis
694 2108 824 2145 variis.

231 2168 410 2206 Gradale.
470 2169 524 2206 Os
537 2170 650 2219 justi.

229 2223 425 2273 Alleluya.
494 2224 530 2261 V.
562 2223 745 2271 Posuisti,
766 2223 945 2261 Domine.

228 2284 494 2333 Evanqelium.
552 2285 773 2323 Secundum
791 2285 844 2322 M
840 2285 1033 2323 atthaeum.
1092 2284 1135 2323 Si
1153 2284 1240 2335 quis
1259 2284 1347 2322 vult
1365 2284 1511 2323 venire.

238 2346 494 2395 Offertorium.
552 2347 603 2384 In
621 2347 771 2385 virtute
790 2351 869 2385 tua.

235 2409 397 2447 Secreta.

229 2463 393 2508 Adesto,
415 2462 583 2500 Domine
602 2463 780 2513 precibus
798 2463 933 2513 populi
951 2462 1023 2508 tui,
1043 2462 1175 2499 adesto
1193 2462 1432 2510 muneribus,
1448 2466 1495 2500 ut
1514 2476 1600 2512 quae
1619 2464 1738 2500 sacris

148 2520 241 2554 sunt
259 2517 391 2554 oblata
408 2517 616 2566 mysteriis,
637 2521 795 2554 tuorum
814 2517 890 2554 tibi
902 2517 1081 2567 placeant
1097 2516 1371 2554 intercessione
1389 2520 1622 2554 sanctorum.
1661 2518 1740 2554 Per

153 2570 378 2608 Dominum.

235 2631 475 2670 Communia
533 2632 716 2670 Posuisti.

234 2694 555 2732 Postcommimio.

234 2748 487 2797 Sumpsimus,
509 2748 688 2794 Domine,
711 2747 852 2797 pignus
870 2747 1146 2796 redemptionis
1166 2750 1320 2784 aeternae
1339 2747 1391 2784 sit
1409 2747 1533 2795 nobis,
1555 2748 1735 2795 Domine,

152 2814 383 2851 quaesumus,
412 2803 698 2839 interveniente
735 2802 848 2838 beato
885 2801 1064 2837 Tibur-tio
1096 2805 1268 2851 martyre
1304 2805 1385 2850 tuo,
1414 2802 1506 2839 vitae
1538 2803 1740 2852 praesentis

157 2856 348 2893 auxilium
366 2856 513 2906 pariter
531 2860 570 2893 et
587 2856 740 2893 futurae.
798 2855 876 2891 Per
895 2854 1119 2892 Dominum.

686 2960 702 2975 ³*
725 2959 777 2989 Sic
791 2958 886 2988 MSS.
928 2957 1202 2989 Edd-Oaelestis.
