1979 3348
585 245 815 288 Orcctae'ones
844 259 925 302 pro
955 245 1198 301 Defzmzctz's.
1608 250 1692 292 157

568 378 654 416 PRO
684 379 888 417 PATmsz
917 391 965 417 ET
994 379 1222 416 MATRIBUS.

178 430 322 468 Oratio.

176 484 295 530 Deus,
335 483 406 533 qui
440 497 511 521 nos
548 489 699 534 patrem
738 490 777 523 et
813 491 981 523 matrem
1017 487 1206 523 honorare
1239 486 1470 535 praecepisti,
1512 487 1692 523 miserere

96 537 306 575 clementer
335 538 539 576 animabus
575 545 731 588 patrum
770 544 809 576 et
845 545 1015 577 matrum
1054 545 1288 586 nostrorum,
1322 553 1533 589 eorumque
1561 541 1691 577 onmia

95 595 252 641 peccata
271 592 439 639 dimitte,
461 605 608 642 nosque
628 608 690 629 cos
719 593 760 629 in
789 598 943 630 aeternae
970 594 1159 631 claritatis
1178 594 1237 630 sac
1255 594 1396 643 gaudio
1416 594 1557 632 videre.
1616 594 1697 631 Per

95 645 321 682 Dominum.

174 698 332 736 Secreta.

175 752 344 802 Suscipe‚
380 753 621 799 sacrificium,
655 754 834 798 Domine,
870 754 974 803 quod
1007 754 1081 791 tibi
1114 767 1183 803 pro
1221 754 1425 791 anima-bus
1463 759 1619 804 patrum
1653 759 1692 791 et

94 810 265 842 matrum
298 811 521 843 nostrorum
555 808 727 852 offertur,
761 808 891 856 eisque
924 809 1112 857 gaudium
1150 809 1430 857 sempiternum
1463 809 1505 844 in
1535 809 1695 858 regione

93 860 312 897 viventium
333 861 507 907 concede,
525 873 671 910 nosque
691 861 871 897 felicitati
890 875 1022 898 eorum
1045 862 1246 911 conjunge.
1305 863 1382 899 Per
1402 863 1628 898 Dominum.

173 914 494 951 Postcomwmmio.

175 968 349 1004 Caelestis
387 968 647 1016 participatiO,
688 968 868 1014 Domine,
917 970 1149 1005 sacramenti
1197 969 1402 1005 animabus
1449 974 1606 1018 patrum
1652 974 1691 1006 et

92 1024 263 1058 matrum
304 1026 526 1058 nostrorum
563 1021 737 1070 requiem
776 1023 952 1059 obtineat
990 1024 1278 1072 sempiternam,
1311 1036 1458 1072 nosque
1487 1037 1576 1060 cum
1613 1023 1692 1060 illis

92 1075 218 1124 gratia-
239 1079 307 1112 tua
322 1078 480 1112 coronet
497 1078 652 1112 aeterna.
711 1075 788 1112 Per
808 1076 1034 1114 Dominum.

541 1201 628 1239 PRO
657 1201 890 1240 FRA'rssissus
919 1213 968 1238 ET
998 1202 1236 1240 SORORIBUS.

175 1256 317 1294 Oratio.

172 1310 292 1356 Deus,
309 1309 434 1346 veniae
449 1309 614 1358 largitor
633 1314 672 1346 et
691 1310 872 1346 humanae
886 1309 1025 1346 salutis
1040 1313 1204 1355 amator,
1221 1322 1442 1358 quaesumus
1459 1310 1685 1346 immensam

92 1364 337 1401 clementiam
357 1367 480 1410 tuam,
501 1367 546 1399 ut
565 1367 707 1400 nostrae
727 1364 1036 1412 congregationis
1055 1364 1195 1400 fratres
1215 1368 1254 1399 et
1277 1376 1437 1409 sorores,
1460 1364 1528 1412 qui
1548 1376 1598 1399 ex
1619 1363 1690 1399 hoc

91 1418 229 1455 saeculo
258 1417 511 1462 transierunt,
533 1417 648 1453 beata
668 1417 798 1453 Maria
818 1430 969 1465 semper
988 1417 1141 1465 virgine
1162 1421 1201 1453 et
1220 1417 1334 1453 beato
1364 1417 1483 1453 Petro
1512 1417 1688 1466 apostolo

90 1475 160 1508 tuo
188 1471 453 1508 intercedente
482 1484 570 1507 cum
599 1471 779 1507 omnibus
812 1471 957 1507 sanctis
990 1472 1081 1517 tuis,
1113 1471 1161 1507 ad
1198 1476 1396 1520 perpetuae
1431 1471 1691 1507 beatitudinis

91 1525 329 1562 consortium
349 1525 552 1574 pervenire
572 1525 768 1561 concedas.
828 1525 912 1561 Per.

172 1579 331 1617 Secreta.

173 1633 291 1679 Deus,
315 1633 425 1681 cujus
444 1631 718 1668 misericordiae
742 1645 821 1667 non
850 1636 908 1668 est
936 1644 1133 1676 numerus,
1156 1631 1307 1680 suscipe
1335 1632 1529 1680 propitius
1558 1645 1688 1680 preces

91 1687 326 1723 humilitatis
345 1689 499 1732 nostrae,
522 1690 560 1722 et
579 1685 795 1731 animabus.
813 1686 954 1734 quibus
969 1686 1029 1721 tui
1049 1685 1218 1721 nominis
1234 1685 1374 1722 dedisti
1396 1685 1685 1730 confessionem,

92 1754 160 1789 per
177 1741 257 1777 haec
278 1743 519 1776 sacramenta
539 1739 676 1776 salutis
696 1744 838 1775 nostrae
859 1744 1089 1775 cunctorum
1109 1739 1238 1775 tribue
1265 1739 1533 1775 remissionem
1561 1752 1690 1788 pecca>

91 1800 231 1831 torum.
290 1794 367 1830 Per
387 1793 612 1829 Dominum.
673 1793 751 1837 Qui
770 1797 909 1830 tecum.

170 1848 490 1885 Postcommmcio.

171 1902 331 1946 Praesta,
354 1914 586 1950 quaesumus,
609 1900 828 1937 misericors
848 1901 967 1946 Deus,
989 1904 1036 1936 ut
1055 1901 1207 1945 animae,
1229 1914 1298 1949 pro
1318 1900 1460 1949 quibus
1483 1900 1555 1937 hoc
1576 1901 1689 1937 sacri-

90 1955 222 1992 ficium
241 1956 368 1992 laudis
392 1959 470 1991 tuae
496 1954 710 1991 obtulimus
730 1955 939 2004 majestati,
960 1968 1028 2003 per
1053 1954 1169 2003 hujus
1189 1955 1380 1990 virtutem
1410 1954 1645 1991 sacramenti
1666 1969 1685 1989 :1

89 2009 254 2058 peccatis
283 2008 462 2045 omnibus
482 2009 647 2057 expiatae
667 2008 764 2045 lucis
783 2013 990 2058 perpetuae,
1010 2013 1050 2044 te
1070 2009 1290 2053 miserante,
1311 2008 1502 2057 recipiant
1522 2009 1690 2045 beatitu—

89 2063 229 2100 dinem.
290 2063 366 2099 Per
386 2062 612 2098 Dominum.

493 2183 578 2219 PRO
609 2183 934 2227 QUIESCENTIBUS
965 2195 1007 2220 lN
1035 2194 1283 2221 COEMETERIO.

173 2237 314 2275 Oratio.

170 2291 290 2337 Deus,
311 2291 352 2326 in
378 2292 488 2339 cujus
517 2291 764 2327 illiseratione
792 2291 931 2327 animai
961 2291 1134 2327 fidelium
1164 2291 1414 2339 requiescunt
1429 2304 1439 2337 3
1468 2291 1625 2327 famulis
1646 2297 1686 2327 ct

89 2345 307 2382 famulabus
335 2345 415 2381 tuis
435 2344 626 2390 omnibus,
648 2345 710 2381 hic
729 2349 768 2381 et
787 2345 932 2393 ubique
952 2345 994 2380 111
1015 2345 1170 2381 Christo
1200 2345 1501 2393 quiescentibus,
1522 2345 1573 2381 da
1601 2358 1687 2394 pro-

89 2400 209 2449 pitius
228 2399 385 2435 Veniam
405 2402 662 2448 peccatorum,
684 2402 730 2434 ut
749 2412 771 2434 a
791 2399 941 2435 cunctis
961 2399 1133 2435 reatibus
1153 2398 1333 2443 absoluti,
1355 2402 1485 2435 tecum
1505 2399 1587 2435 sine
1608 2399 1686 2435 fine

89 2454 280 2490 laetentur.
341 2452 417 2489 Per
436 2452 601 2489 eundem
622 2452 838 2489 Dominum
858 2457 1036 2489 nostrum
1055 2453 1082 2489 J
1086 2465 1203 2489 esum.

169 2507 328 2544 Secreta.

170 2560 248 2597 Pro
267 2559 469 2597 animabus
498 2559 734 2595 famulorum
764 2560 1075 2609 famularumque
1096 2564 1252 2596 tuarum
1273 2560 1449 2596 omnium
1469 2560 1686 2597 Catholico-

89 2628 188 2661 rum,
217 2614 292 2650 hic*
315 2618 354 2650 et
385 2614 530 2662 ubique
564 2613 853 2659 dormientium,
883 2613 1063 2660 hostiam,
1094 2613 1276 2659 Domine,
1311 2614 1462 2663 suscipe
1495 2614 1686 2663 benignus

90 2668 280 2704 oblatam:
318 2671 363 2704 ut
398 2667 470 2704 hoc
504 2667 691 2703 sacrificio
729 2667 917 2716 singulari
949 2667 1117 2703 vinculis
1149 2667 1349 2704 horrendae
1385 2668 1524 2704 mortis
1557 2673 1685 2704 exuta·

90 2722 214 2758 vitam
233 2725 458 2758 mereantur
477 2725 672 2758 aeternam.
733 2720 808 2757 Per
828 2721 1052 2757 Dominum.

169 2775 486 2812 Posteommzmio.

170 2829 289 2875 Deus,
310 2829 485 2866 fidelium
513 2829 646 2865 lumen
675 2827 907 2873 animarum,
927 2828 1060 2864 adesto
1089 2828 1439 2877 supplicationibus
1465 2828 1622 2871 nostris,
1646 2834 1684 2864 et

90 2883 139 2919 da
163 2882 319 2919 famulis
342 2887 381 2919 et
405 2882 626 2919 famulabus
651 2882 731 2918 tuis
756 2895 923 2930 quorum
949 2895 1109 2931 corpora
1134 2882 1196 2918 hic
1222 2887 1261 2919 et
1287 2883 1432 2931 ubique
1457 2882 1499 2918 in
1528 2882 1685 2918 Chrisw

90 2937 348 2986 requiescunt,
375 2936 568 2984 refrigerii
597 2936 736 2980 sedem,
764 2935 907 2984 quietis
935 2935 1231 2979 beatitudinem,
1262 2936 1424 2972 luminis
1452 2936 1682 2972 claritatem.

90 2990 166 3027 Per
186 2989 401 3027 Dominum
421 2994 608 3027 nostrum.
