<?xml version="1.0" encoding="UTF-8"?>
<!DOCTYPE html PUBLIC "-//W3C//DTD XHTML 1.0 Transitional//EN"
    "http://www.w3.org/TR/xhtml1/DTD/xhtml1-transitional.dtd">
<html xmlns="http://www.w3.org/1999/xhtml" xml:lang="en" lang="en">
 <head>
  <title>
</title>
<meta http-equiv="Content-Type" content="text/html;charset=utf-8" />
  <meta name='ocr-system' content='tesseract 3.04.00' />
  <meta name='ocr-capabilities' content='ocr_page ocr_carea ocr_par ocr_line ocrx_word'/>
</head>
<body>
  <div class='ocr_page' id='page_1' title='image "./missaleadusumins02cath_0172.png"; bbox 0 0 1979 3348; ppageno 0'>
   <div class='ocr_carea' id='block_1_1' title="bbox 248 216 1483 274">
    <p class='ocr_par' dir='ltr' id='par_1_1' title="bbox 248 216 1483 274">
     <span class='ocr_line' id='line_1_1' title="bbox 248 216 1483 274; baseline 0 -14"><span class='ocrx_word' id='word_1_1' title='bbox 248 219 330 260; x_wconf 55' lang='lat'>144</span> <span class='ocrx_word' id='word_1_2' title='bbox 606 217 670 259; x_wconf 67' lang='lat' dir='ltr'>In</span> <span class='ocrx_word' id='word_1_3' title='bbox 690 217 741 259; x_wconf 86' lang='lat' dir='ltr'><em>N</em></span> <span class='ocrx_word' id='word_1_4' title='bbox 737 217 852 260; x_wconf 69' lang='lat' dir='ltr'>atati</span> <span class='ocrx_word' id='word_1_5' title='bbox 877 216 1193 274; x_wconf 52' lang='lat' dir='ltr'>plumlmor‘ztm</span> <span class='ocrx_word' id='word_1_6' title='bbox 1212 217 1483 273; x_wconf 71' lang='lat' dir='ltr'>Martyrum.</span> 
     </span>
    </p>
   </div>
   <div class='ocr_carea' id='block_1_2' title="bbox 244 326 1833 811">
    <p class='ocr_par' dir='ltr' id='par_1_2' title="bbox 322 326 854 377">
     <span class='ocr_line' id='line_1_2' title="bbox 322 326 854 377; baseline 0.004 -14"><span class='ocrx_word' id='word_1_7' title='bbox 322 326 388 364; x_wconf 65' lang='lat' dir='ltr'>Aa,</span> <span class='ocrx_word' id='word_1_8' title='bbox 407 326 586 365; x_wconf 73' lang='lat' dir='ltr'>Hebrceos</span> <span class='ocrx_word' id='word_1_9' title='bbox 605 327 678 374; x_wconf 69' lang='lat' dir='ltr'>(rei.</span> <span class='ocrx_word' id='word_1_10' title='bbox 702 329 854 377; x_wconf 84' lang='lat'><em>33-39).</em></span> 
     </span>
    </p>

    <p class='ocr_par' dir='ltr' id='par_1_3' title="bbox 244 380 1832 473">
     <span class='ocr_line' id='line_1_3' title="bbox 320 380 1832 432; baseline 0.001 -15"><span class='ocrx_word' id='word_1_11' title='bbox 320 380 501 418; x_wconf 77' lang='lat' dir='ltr'><strong>Fratres:</strong></span> <span class='ocrx_word' id='word_1_12' title='bbox 534 382 668 418; x_wconf 79' lang='lat' dir='ltr'>Sancti</span> <span class='ocrx_word' id='word_1_13' title='bbox 688 395 757 431; x_wconf 85' lang='lat' dir='ltr'>per</span> <span class='ocrx_word' id='word_1_14' title='bbox 775 382 891 418; x_wconf 85' lang='lat' dir='ltr'>fidem</span> <span class='ocrx_word' id='word_1_15' title='bbox 924 381 1105 418; x_wconf 86' lang='lat' dir='ltr'>vicerunt</span> <span class='ocrx_word' id='word_1_16' title='bbox 1134 395 1252 431; x_wconf 69' lang='lat' dir='ltr'>usque</span> <span class='ocrx_word' id='word_1_17' title='bbox 1289 383 1342 419; x_wconf 78' lang='lat' dir='ltr'>ad</span> <span class='ocrx_word' id='word_1_18' title='bbox 1371 383 1527 432; x_wconf 85' lang='lat' dir='ltr'>probati</span> <span class='ocrx_word' id='word_1_19' title='bbox 1556 381 1711 420; x_wconf 87' lang='lat' dir='ltr'>inventi</span> <span class='ocrx_word' id='word_1_20' title='bbox 1740 386 1832 419; x_wconf 86' lang='lat' dir='ltr'>sunt</span> 
     </span>
     <span class='ocr_line' id='line_1_4' title="bbox 244 434 938 473; baseline -0.003 0"><span class='ocrx_word' id='word_1_21' title='bbox 244 435 287 473; x_wconf 88' lang='lat' dir='ltr'>in</span> <span class='ocrx_word' id='word_1_22' title='bbox 307 434 465 472; x_wconf 82' lang='lat' dir='ltr'>Christo</span> <span class='ocrx_word' id='word_1_23' title='bbox 484 436 511 473; x_wconf 78' lang='lat' dir='ltr'>J</span> <span class='ocrx_word' id='word_1_24' title='bbox 515 449 581 472; x_wconf 84' lang='lat' dir='ltr'>esu</span> <span class='ocrx_word' id='word_1_25' title='bbox 603 436 774 472; x_wconf 82' lang='lat' dir='ltr'>Domino</span> <span class='ocrx_word' id='word_1_26' title='bbox 793 439 938 472; x_wconf 88' lang='lat' dir='ltr'>nostro.</span> 
     </span>
    </p>

    <p class='ocr_par' dir='ltr' id='par_1_4' title="bbox 323 497 1253 547">
     <span class='ocr_line' id='line_1_5' title="bbox 323 497 1253 547; baseline 0.002 -14"><span class='ocrx_word' id='word_1_27' title='bbox 323 497 452 534; x_wconf 73' lang='lat' dir='ltr'>Lectio</span> <span class='ocrx_word' id='word_1_28' title='bbox 473 497 561 534; x_wconf 70' lang='lat' dir='ltr'>libri</span> <span class='ocrx_word' id='word_1_29' title='bbox 580 497 788 546; x_wconf 16' lang='lat' dir='ltr'>Salrtz&#39;entiae</span> <span class='ocrx_word' id='word_1_30' title='bbox 811 497 949 547; x_wconf 67' lang='lat' dir='ltr'>(Prov.</span> <span class='ocrx_word' id='word_1_31' title='bbox 971 511 1028 534; x_wconf 73' lang='lat' dir='ltr'>mv.</span> <span class='ocrx_word' id='word_1_32' title='bbox 1054 499 1129 545; x_wconf 84' lang='lat'>2-4‚</span> <span class='ocrx_word' id='word_1_33' title='bbox 1153 498 1253 547; x_wconf 85' lang='lat'><em>6-8).</em></span> 
     </span>
    </p>

    <p class='ocr_par' dir='ltr' id='par_1_5' title="bbox 245 550 1832 653">
     <span class='ocr_line' id='line_1_6' title="bbox 325 550 1832 601; baseline 0 -14"><span class='ocrx_word' id='word_1_34' title='bbox 325 550 478 600; x_wconf 80' lang='lat' dir='ltr'>Lingua</span> <span class='ocrx_word' id='word_1_35' title='bbox 498 551 734 600; x_wconf 81' lang='lat' dir='ltr'>sapientium</span> <span class='ocrx_word' id='word_1_36' title='bbox 753 555 867 587; x_wconf 87' lang='lat' dir='ltr'>ornat</span> <span class='ocrx_word' id='word_1_37' title='bbox 886 551 1089 588; x_wconf 84' lang='lat' dir='ltr'>scientiam</span> <span class='ocrx_word' id='word_1_38' title='bbox 1117 564 1235 600; x_wconf 76' lang='lat' dir='ltr'>usque</span> <span class='ocrx_word' id='word_1_39' title='bbox 1263 552 1316 588; x_wconf 74' lang='lat' dir='ltr'>acl</span> <span class='ocrx_word' id='word_1_40' title='bbox 1336 551 1415 596; x_wconf 82' lang='lat' dir='ltr'>Qui</span> <span class='ocrx_word' id='word_1_41' title='bbox 1433 552 1611 601; x_wconf 84' lang='lat' dir='ltr'>sequitur</span> <span class='ocrx_word' id='word_1_42' title='bbox 1624 551 1832 601; x_wconf 86' lang='lat' dir='ltr'>justitiam,</span> 
     </span>
     <span class='ocr_line' id='line_1_7' title="bbox 245 604 675 653; baseline 0 -13"><span class='ocrx_word' id='word_1_43' title='bbox 245 604 432 653; x_wconf 79' lang='lat' dir='ltr'>diligetur</span> <span class='ocrx_word' id='word_1_44' title='bbox 451 618 474 641; x_wconf 83' lang='lat' dir='ltr'>a</span> <span class='ocrx_word' id='word_1_45' title='bbox 494 605 675 641; x_wconf 86' lang='lat' dir='ltr'>Domino.</span> 
     </span>
    </p>

    <p class='ocr_par' dir='ltr' id='par_1_6' title="bbox 326 665 1268 717">
     <span class='ocr_line' id='line_1_8' title="bbox 326 665 1268 717; baseline 0.001 -14"><span class='ocrx_word' id='word_1_46' title='bbox 326 666 451 703; x_wconf 80' lang='lat' dir='ltr'><em>Lectio</em></span> <span class='ocrx_word' id='word_1_47' title='bbox 472 666 562 703; x_wconf 69' lang='lat' dir='ltr'>libri</span> <span class='ocrx_word' id='word_1_48' title='bbox 581 666 790 715; x_wconf 74' lang='lat' dir='ltr'>Sapientiae</span> <span class='ocrx_word' id='word_1_49' title='bbox 809 665 981 715; x_wconf 68' lang='lat' dir='ltr'>(Ecclzcs.</span> <span class='ocrx_word' id='word_1_50' title='bbox 1004 667 1093 705; x_wconf 69' lang='lat' dir='ltr'>actio.</span> <span class='ocrx_word' id='word_1_51' title='bbox 1117 667 1231 704; x_wconf 89' lang='grc'>10-15</span> <span class='ocrx_word' id='word_1_52' title='bbox 1237 667 1268 717; x_wconf 84' lang='grc'><strong><em>)</em></strong></span> 
     </span>
    </p>

    <p class='ocr_par' dir='ltr' id='par_1_7' title="bbox 245 720 1833 811">
     <span class='ocr_line' id='line_1_9' title="bbox 323 720 1833 771; baseline 0.001 -16"><span class='ocrx_word' id='word_1_53' title='bbox 323 720 384 756; x_wconf 90' lang='lat' dir='ltr'>Hi</span> <span class='ocrx_word' id='word_1_54' title='bbox 416 724 509 756; x_wconf 87' lang='lat' dir='ltr'>sunt</span> <span class='ocrx_word' id='word_1_55' title='bbox 539 720 615 756; x_wconf 88' lang='lat' dir='ltr'>viri</span> <span class='ocrx_word' id='word_1_56' title='bbox 644 720 917 756; x_wconf 79' lang='lat' dir='ltr'>misericordiae</span> <span class='ocrx_word' id='word_1_57' title='bbox 945 734 1065 769; x_wconf 74' lang='lat' dir='ltr'>usque</span> <span class='ocrx_word' id='word_1_58' title='bbox 1093 721 1148 758; x_wconf 82' lang='lat' dir='ltr'>acl</span> <span class='ocrx_word' id='word_1_59' title='bbox 1174 725 1214 759; x_wconf 82' lang='lat' dir='ltr'>et</span> <span class='ocrx_word' id='word_1_60' title='bbox 1246 721 1403 758; x_wconf 90' lang='lat' dir='ltr'>laudem</span> <span class='ocrx_word' id='word_1_61' title='bbox 1436 733 1571 758; x_wconf 82' lang='lat' dir='ltr'>eorum</span> <span class='ocrx_word' id='word_1_62' title='bbox 1602 720 1833 771; x_wconf 86' lang='lat' dir='ltr'>pronuntiet</span> 
     </span>
     <span class='ocr_line' id='line_1_10' title="bbox 245 773 804 811; baseline 0 -1"><span class='ocrx_word' id='word_1_63' title='bbox 245 774 371 810; x_wconf 88' lang='lat' dir='ltr'>omnis</span> <span class='ocrx_word' id='word_1_64' title='bbox 391 773 549 811; x_wconf 81' lang='lat' dir='ltr'>ecclesia</span> <span class='ocrx_word' id='word_1_65' title='bbox 569 778 804 810; x_wconf 78' lang='lat' dir='ltr'>sanctorum.</span> 
     </span>
    </p>
   </div>
   <div class='ocr_carea' id='block_1_3' title="bbox 324 836 1162 884">
    <p class='ocr_par' dir='ltr' id='par_1_8' title="bbox 324 836 1162 884">
     <span class='ocr_line' id='line_1_11' title="bbox 324 836 1162 884; baseline 0.002 -12"><span class='ocrx_word' id='word_1_66' title='bbox 324 836 511 884; x_wconf 74' lang='lat' dir='ltr'><em>Epistola.</em></span> <span class='ocrx_word' id='word_1_67' title='bbox 569 836 598 873; x_wconf 84' lang='lat' dir='ltr'><strong>J</strong></span> <span class='ocrx_word' id='word_1_68' title='bbox 600 840 778 872; x_wconf 84' lang='lat' dir='ltr'>ustorum</span> <span class='ocrx_word' id='word_1_69' title='bbox 797 836 947 882; x_wconf 80' lang='lat' dir='ltr'>animae,</span> <span class='ocrx_word' id='word_1_70' title='bbox 969 843 1013 873; x_wconf 79' lang='lat' dir='ltr'>ut</span> <span class='ocrx_word' id='word_1_71' title='bbox 1031 850 1162 883; x_wconf 74' lang='lat' dir='ltr'>supra.</span> 
     </span>
    </p>
   </div>
   <div class='ocr_carea' id='block_1_4' title="bbox 244 897 1841 1967">
    <p class='ocr_par' dir='ltr' id='par_1_9' title="bbox 320 897 1117 947">
     <span class='ocr_line' id='line_1_12' title="bbox 320 897 1117 947; baseline 0.004 -14"><span class='ocrx_word' id='word_1_72' title='bbox 320 897 375 934; x_wconf 73' lang='lat' dir='ltr'>In</span> <span class='ocrx_word' id='word_1_73' title='bbox 402 897 543 946; x_wconf 63' lang='lat' dir='ltr'>Vigsz&#39;lz&#39;a</span> <span class='ocrx_word' id='word_1_74' title='bbox 565 898 830 946; x_wconf 66' lang='lat' dir='ltr'>plurimorum,</span> <span class='ocrx_word' id='word_1_75' title='bbox 850 899 1117 947; x_wconf 74' lang='lat' dir='ltr'>apostolormn.</span> 
     </span>
    </p>

    <p class='ocr_par' dir='ltr' id='par_1_10' title="bbox 325 959 1046 1010">
     <span class='ocr_line' id='line_1_13' title="bbox 325 959 1046 1010; baseline 0.001 -14"><span class='ocrx_word' id='word_1_76' title='bbox 325 960 451 997; x_wconf 73' lang='lat' dir='ltr'>Lectio</span> <span class='ocrx_word' id='word_1_77' title='bbox 471 960 562 997; x_wconf 67' lang='lat' dir='ltr'>libri</span> <span class='ocrx_word' id='word_1_78' title='bbox 580 959 788 1009; x_wconf 76' lang='lat' dir='ltr'>Sapientiae</span> <span class='ocrx_word' id='word_1_79' title='bbox 807 960 865 1008; x_wconf 75' lang='lat' dir='ltr'>(v.</span> <span class='ocrx_word' id='word_1_80' title='bbox 893 961 1046 1010; x_wconf 76' lang='lat'><em>15-22).</em></span> 
     </span>
    </p>

    <p class='ocr_par' dir='ltr' id='par_1_11' title="bbox 246 1013 1837 1105">
     <span class='ocr_line' id='line_1_14' title="bbox 324 1013 1837 1063; baseline 0 -13"><span class='ocrx_word' id='word_1_81' title='bbox 324 1013 353 1050; x_wconf 82' lang='lat' dir='ltr'><strong>J</strong></span> <span class='ocrx_word' id='word_1_82' title='bbox 355 1015 436 1050; x_wconf 89' lang='lat' dir='ltr'>usti</span> <span class='ocrx_word' id='word_1_83' title='bbox 469 1018 600 1050; x_wconf 86' lang='lat' dir='ltr'>autem</span> <span class='ocrx_word' id='word_1_84' title='bbox 633 1015 675 1050; x_wconf 91' lang='lat' dir='ltr'>in</span> <span class='ocrx_word' id='word_1_85' title='bbox 708 1018 941 1063; x_wconf 87' lang='lat' dir='ltr'>perpetuum</span> <span class='ocrx_word' id='word_1_86' title='bbox 974 1015 1112 1051; x_wconf 89' lang='lat' dir='ltr'>vivent</span> <span class='ocrx_word' id='word_1_87' title='bbox 1145 1027 1264 1063; x_wconf 74' lang='lat' dir='ltr'>usque</span> <span class='ocrx_word' id='word_1_88' title='bbox 1296 1015 1350 1051; x_wconf 74' lang='lat' dir='ltr'>acl</span> <span class='ocrx_word' id='word_1_89' title='bbox 1382 1017 1422 1051; x_wconf 87' lang='lat' dir='ltr'>et</span> <span class='ocrx_word' id='word_1_90' title='bbox 1454 1013 1504 1051; x_wconf 89' lang='lat' dir='ltr'>ad</span> <span class='ocrx_word' id='word_1_91' title='bbox 1531 1017 1682 1051; x_wconf 87' lang='lat' dir='ltr'>certum</span> <span class='ocrx_word' id='word_1_92' title='bbox 1709 1013 1837 1051; x_wconf 89' lang='lat' dir='ltr'>locum</span> 
     </span>
     <span class='ocr_line' id='line_1_15' title="bbox 246 1067 1023 1105; baseline 0 0"><span class='ocrx_word' id='word_1_93' title='bbox 246 1067 410 1105; x_wconf 86' lang='lat' dir='ltr'>deducet</span> <span class='ocrx_word' id='word_1_94' title='bbox 430 1067 517 1103; x_wconf 91' lang='lat' dir='ltr'>illos</span> <span class='ocrx_word' id='word_1_95' title='bbox 537 1068 731 1104; x_wconf 86' lang='lat' dir='ltr'>Dominus</span> <span class='ocrx_word' id='word_1_96' title='bbox 754 1068 860 1103; x_wconf 89' lang='lat' dir='ltr'>Deus</span> <span class='ocrx_word' id='word_1_97' title='bbox 879 1072 1023 1105; x_wconf 86' lang='lat' dir='ltr'>noster.</span> 
     </span>
    </p>

    <p class='ocr_par' dir='ltr' id='par_1_12' title="bbox 326 1121 1048 1172">
     <span class='ocr_line' id='line_1_16' title="bbox 326 1121 1048 1172; baseline 0 -14"><span class='ocrx_word' id='word_1_98' title='bbox 326 1121 455 1158; x_wconf 67' lang='lat' dir='ltr'>Lectio</span> <span class='ocrx_word' id='word_1_99' title='bbox 476 1121 565 1158; x_wconf 69' lang='lat' dir='ltr'>libri</span> <span class='ocrx_word' id='word_1_100' title='bbox 584 1121 794 1170; x_wconf 61' lang='lat' dir='ltr'>Sapientis&amp;</span> <span class='ocrx_word' id='word_1_101' title='bbox 814 1122 870 1171; x_wconf 68' lang='lat' dir='ltr'>(oc.</span> <span class='ocrx_word' id='word_1_102' title='bbox 898 1122 1048 1172; x_wconf 81' lang='lat'>17-20).</span> 
     </span>
    </p>

    <p class='ocr_par' dir='ltr' id='par_1_13' title="bbox 244 1175 1838 1278">
     <span class='ocr_line' id='line_1_17' title="bbox 326 1175 1838 1224; baseline 0.001 -13"><span class='ocrx_word' id='word_1_103' title='bbox 326 1175 482 1212; x_wconf 87' lang='lat' dir='ltr'>Reddet</span> <span class='ocrx_word' id='word_1_104' title='bbox 513 1175 621 1212; x_wconf 90' lang='lat' dir='ltr'>Deus</span> <span class='ocrx_word' id='word_1_105' title='bbox 650 1175 867 1212; x_wconf 84' lang='lat' dir='ltr'>mercedem</span> <span class='ocrx_word' id='word_1_106' title='bbox 900 1175 1078 1212; x_wconf 87' lang='lat' dir='ltr'>laborum</span> <span class='ocrx_word' id='word_1_107' title='bbox 1110 1179 1334 1212; x_wconf 85' lang='lat' dir='ltr'>sanctorum</span> <span class='ocrx_word' id='word_1_108' title='bbox 1368 1188 1526 1212; x_wconf 85' lang='lat' dir='ltr'>suorum</span> <span class='ocrx_word' id='word_1_109' title='bbox 1564 1188 1683 1224; x_wconf 80' lang='lat' dir='ltr'>usque</span> <span class='ocrx_word' id='word_1_110' title='bbox 1713 1175 1766 1212; x_wconf 79' lang='lat' dir='ltr'>ad</span> <span class='ocrx_word' id='word_1_111' title='bbox 1798 1178 1838 1212; x_wconf 79' lang='lat' dir='ltr'>et</span> 
     </span>
     <span class='ocr_line' id='line_1_18' title="bbox 244 1229 1685 1278; baseline -0.001 -12"><span class='ocrx_word' id='word_1_112' title='bbox 244 1229 448 1267; x_wconf 87' lang='lat' dir='ltr'>victricem</span> <span class='ocrx_word' id='word_1_113' title='bbox 468 1242 628 1265; x_wconf 86' lang='lat' dir='ltr'>manum</span> <span class='ocrx_word' id='word_1_114' title='bbox 647 1233 758 1265; x_wconf 83' lang='lat' dir='ltr'>tuam</span> <span class='ocrx_word' id='word_1_115' title='bbox 778 1229 1040 1265; x_wconf 83' lang='lat' dir='ltr'>laudaverunt</span> <span class='ocrx_word' id='word_1_116' title='bbox 1059 1230 1206 1278; x_wconf 83' lang='lat' dir='ltr'>pariter</span> <span class='ocrx_word' id='word_1_117' title='bbox 1225 1230 1395 1266; x_wconf 87' lang='lat' dir='ltr'>Domine</span> <span class='ocrx_word' id='word_1_118' title='bbox 1416 1230 1523 1266; x_wconf 91' lang='lat' dir='ltr'>Deus</span> <span class='ocrx_word' id='word_1_119' title='bbox 1542 1234 1685 1265; x_wconf 88' lang='lat' dir='ltr'>noster.</span> 
     </span>
    </p>

    <p class='ocr_par' dir='ltr' id='par_1_14' title="bbox 325 1282 1675 1332">
     <span class='ocr_line' id='line_1_19' title="bbox 325 1282 1675 1332; baseline 0 -13"><span class='ocrx_word' id='word_1_120' title='bbox 325 1283 451 1319; x_wconf 76' lang='lat' dir='ltr'>Lectio</span> <span class='ocrx_word' id='word_1_121' title='bbox 471 1282 655 1331; x_wconf 75' lang='lat' dir='ltr'>Epistolae</span> <span class='ocrx_word' id='word_1_122' title='bbox 674 1283 772 1319; x_wconf 77' lang='lat' dir='ltr'>beati</span> <span class='ocrx_word' id='word_1_123' title='bbox 792 1282 901 1319; x_wconf 71' lang='lat' dir='ltr'>Petri</span> <span class='ocrx_word' id='word_1_124' title='bbox 919 1282 1093 1331; x_wconf 75' lang='lat' dir='ltr'><em>Apostoli</em></span> <span class='ocrx_word' id='word_1_125' title='bbox 1116 1284 1162 1332; x_wconf 89' lang='lat' dir='ltr'>(l</span> <span class='ocrx_word' id='word_1_126' title='bbox 1187 1284 1212 1321; x_wconf 77' lang='lat' dir='ltr'>i.</span> <span class='ocrx_word' id='word_1_127' title='bbox 1237 1284 1325 1329; x_wconf 76' lang='lat'>3-73</span> <span class='ocrx_word' id='word_1_128' title='bbox 1354 1283 1401 1321; x_wconf 76' lang='lat' dir='ltr'>iv.</span> <span class='ocrx_word' id='word_1_129' title='bbox 1428 1284 1462 1329; x_wconf 86' lang='lat' dir='ltr'>l,</span> <span class='ocrx_word' id='word_1_130' title='bbox 1485 1283 1521 1328; x_wconf 79' lang='lat'>2,</span> <span class='ocrx_word' id='word_1_131' title='bbox 1545 1282 1675 1331; x_wconf 86' lang='lat'>7-11).</span> 
     </span>
    </p>

    <p class='ocr_par' dir='ltr' id='par_1_15' title="bbox 246 1335 1839 1428">
     <span class='ocr_line' id='line_1_20' title="bbox 326 1335 1839 1385; baseline 0 -13"><span class='ocrx_word' id='word_1_132' title='bbox 326 1336 484 1373; x_wconf 88' lang='lat' dir='ltr'>Fratres</span> <span class='ocrx_word' id='word_1_133' title='bbox 501 1350 508 1373; x_wconf 74' lang='grc' dir='ltr'>ε</span> <span class='ocrx_word' id='word_1_134' title='bbox 538 1336 776 1373; x_wconf 70' lang='lat' dir='ltr'>Benedictus</span> <span class='ocrx_word' id='word_1_135' title='bbox 796 1337 904 1373; x_wconf 86' lang='lat' dir='ltr'>Deus</span> <span class='ocrx_word' id='word_1_136' title='bbox 924 1341 963 1373; x_wconf 90' lang='lat' dir='ltr'>et</span> <span class='ocrx_word' id='word_1_137' title='bbox 983 1337 1105 1374; x_wconf 89' lang='lat' dir='ltr'>Pater</span> <span class='ocrx_word' id='word_1_138' title='bbox 1118 1337 1283 1374; x_wconf 87' lang='lat' dir='ltr'>Domini</span> <span class='ocrx_word' id='word_1_139' title='bbox 1297 1337 1423 1373; x_wconf 78' lang='lat' dir='ltr'>nostri</span> <span class='ocrx_word' id='word_1_140' title='bbox 1437 1350 1558 1385; x_wconf 74' lang='lat' dir='ltr'>usque</span> <span class='ocrx_word' id='word_1_141' title='bbox 1570 1337 1624 1373; x_wconf 82' lang='lat' dir='ltr'>aol</span> <span class='ocrx_word' id='word_1_142' title='bbox 1642 1337 1685 1372; x_wconf 92' lang='lat' dir='ltr'>in</span> <span class='ocrx_word' id='word_1_143' title='bbox 1701 1335 1839 1373; x_wconf 85' lang='lat' dir='ltr'>saecula</span> 
     </span>
     <span class='ocr_line' id='line_1_21' title="bbox 246 1391 690 1428; baseline 0.002 -1"><span class='ocrx_word' id='word_1_144' title='bbox 246 1391 487 1428; x_wconf 76' lang='lat' dir='ltr'>saeculorum.</span> <span class='ocrx_word' id='word_1_145' title='bbox 547 1392 690 1428; x_wconf 89' lang='lat' dir='ltr'>Amen.</span> 
     </span>
    </p>

    <p class='ocr_par' dir='ltr' id='par_1_16' title="bbox 327 1443 871 1495">
     <span class='ocr_line' id='line_1_22' title="bbox 327 1443 871 1495; baseline 0.004 -15"><span class='ocrx_word' id='word_1_146' title='bbox 327 1443 392 1481; x_wconf 77' lang='lat' dir='ltr'>Ad</span> <span class='ocrx_word' id='word_1_147' title='bbox 412 1444 634 1482; x_wconf 71' lang='lat' dir='ltr'>Corinthios</span> <span class='ocrx_word' id='word_1_148' title='bbox 652 1445 703 1491; x_wconf 83' lang='lat'>(2</span> <span class='ocrx_word' id='word_1_149' title='bbox 724 1444 749 1481; x_wconf 82' lang='lat' dir='ltr'>i.</span> <span class='ocrx_word' id='word_1_150' title='bbox 773 1443 871 1495; x_wconf 78' lang='lat'><em>3-7).</em></span> 
     </span>
    </p>

    <p class='ocr_par' dir='ltr' id='par_1_17' title="bbox 247 1496 1841 1597">
     <span class='ocr_line' id='line_1_23' title="bbox 326 1496 1841 1547; baseline 0 -13"><span class='ocrx_word' id='word_1_151' title='bbox 326 1498 484 1535; x_wconf 81' lang='lat' dir='ltr'>Fratres</span> <span class='ocrx_word' id='word_1_152' title='bbox 503 1512 510 1535; x_wconf 92' lang='lat'>:</span> <span class='ocrx_word' id='word_1_153' title='bbox 544 1498 779 1535; x_wconf 81' lang='lat' dir='ltr'>Benedictus</span> <span class='ocrx_word' id='word_1_154' title='bbox 799 1499 907 1535; x_wconf 87' lang='lat' dir='ltr'>Deus</span> <span class='ocrx_word' id='word_1_155' title='bbox 927 1502 966 1535; x_wconf 85' lang='lat' dir='ltr'>et</span> <span class='ocrx_word' id='word_1_156' title='bbox 986 1498 1105 1535; x_wconf 87' lang='lat' dir='ltr'>Pater</span> <span class='ocrx_word' id='word_1_157' title='bbox 1124 1498 1288 1536; x_wconf 85' lang='lat' dir='ltr'>Domini</span> <span class='ocrx_word' id='word_1_158' title='bbox 1306 1498 1434 1535; x_wconf 86' lang='lat' dir='ltr'>nostri</span> <span class='ocrx_word' id='word_1_159' title='bbox 1448 1511 1567 1547; x_wconf 78' lang='lat' dir='ltr'>usque</span> <span class='ocrx_word' id='word_1_160' title='bbox 1586 1497 1641 1535; x_wconf 79' lang='lat' dir='ltr'>ad</span> <span class='ocrx_word' id='word_1_161' title='bbox 1657 1497 1711 1534; x_wconf 88' lang='lat' dir='ltr'>sic</span> <span class='ocrx_word' id='word_1_162' title='bbox 1730 1496 1841 1535; x_wconf 83' lang='lat' dir='ltr'>eritis</span> 
     </span>
     <span class='ocr_line' id='line_1_24' title="bbox 247 1552 1316 1597; baseline 0 -7"><span class='ocrx_word' id='word_1_163' title='bbox 247 1557 286 1590; x_wconf 90' lang='lat' dir='ltr'>et</span> <span class='ocrx_word' id='word_1_164' title='bbox 305 1552 594 1597; x_wconf 80' lang='lat' dir='ltr'>consolationis,</span> <span class='ocrx_word' id='word_1_165' title='bbox 616 1553 667 1589; x_wconf 89' lang='lat' dir='ltr'>In</span> <span class='ocrx_word' id='word_1_166' title='bbox 688 1552 844 1590; x_wconf 83' lang='lat' dir='ltr'>Christo</span> <span class='ocrx_word' id='word_1_167' title='bbox 863 1553 891 1590; x_wconf 82' lang='lat' dir='ltr'><strong>J</strong></span> <span class='ocrx_word' id='word_1_168' title='bbox 894 1566 961 1589; x_wconf 91' lang='lat' dir='ltr'>esu</span> <span class='ocrx_word' id='word_1_169' title='bbox 982 1553 1153 1590; x_wconf 88' lang='lat' dir='ltr'>Domino</span> <span class='ocrx_word' id='word_1_170' title='bbox 1172 1557 1316 1590; x_wconf 83' lang='lat' dir='ltr'>nostro.</span> 
     </span>
    </p>

    <p class='ocr_par' dir='ltr' id='par_1_18' title="bbox 326 1606 923 1656">
     <span class='ocr_line' id='line_1_25' title="bbox 326 1606 923 1656; baseline 0.002 -14"><span class='ocrx_word' id='word_1_171' title='bbox 326 1606 393 1643; x_wconf 77' lang='lat' dir='ltr'>Act</span> <span class='ocrx_word' id='word_1_172' title='bbox 415 1606 637 1644; x_wconf 61' lang='lat' dir='ltr'>Corinthios</span> <span class='ocrx_word' id='word_1_173' title='bbox 656 1607 700 1655; x_wconf 92' lang='lat' dir='ltr'>(l</span> <span class='ocrx_word' id='word_1_174' title='bbox 725 1607 772 1643; x_wconf 72' lang='lat' dir='ltr'>iv.</span> <span class='ocrx_word' id='word_1_175' title='bbox 798 1607 923 1656; x_wconf 83' lang='lat'><em>9-14).</em></span> 
     </span>
    </p>

    <p class='ocr_par' dir='ltr' id='par_1_19' title="bbox 246 1659 1841 1807">
     <span class='ocr_line' id='line_1_26' title="bbox 327 1659 1839 1710; baseline -0.001 -14"><span class='ocrx_word' id='word_1_176' title='bbox 327 1660 504 1696; x_wconf 80' lang='lat' dir='ltr'>Fratres:</span> <span class='ocrx_word' id='word_1_177' title='bbox 526 1660 797 1709; x_wconf 83' lang='lat' dir='ltr'>Spectaculum</span> <span class='ocrx_word' id='word_1_178' title='bbox 812 1660 907 1696; x_wconf 87' lang='lat' dir='ltr'>facti</span> <span class='ocrx_word' id='word_1_179' title='bbox 925 1673 1060 1697; x_wconf 88' lang='lat' dir='ltr'>sumus</span> <span class='ocrx_word' id='word_1_180' title='bbox 1074 1660 1165 1697; x_wconf 87' lang='lat' dir='ltr'>huic</span> <span class='ocrx_word' id='word_1_181' title='bbox 1184 1661 1331 1698; x_wconf 87' lang='lat' dir='ltr'>mundo</span> <span class='ocrx_word' id='word_1_182' title='bbox 1346 1664 1386 1697; x_wconf 91' lang='lat' dir='ltr'>et</span> <span class='ocrx_word' id='word_1_183' title='bbox 1401 1660 1548 1710; x_wconf 85' lang='lat' dir='ltr'>angelis</span> <span class='ocrx_word' id='word_1_184' title='bbox 1562 1663 1602 1697; x_wconf 89' lang='lat' dir='ltr'>et</span> <span class='ocrx_word' id='word_1_185' title='bbox 1615 1659 1839 1696; x_wconf 88' lang='lat' dir='ltr'>hominibus</span> 
     </span>
     <span class='ocr_line' id='line_1_27' title="bbox 246 1713 1841 1763; baseline -0.001 -12"><span class='ocrx_word' id='word_1_186' title='bbox 246 1727 366 1763; x_wconf 75' lang='lat' dir='ltr'>usqne</span> <span class='ocrx_word' id='word_1_187' title='bbox 386 1715 438 1751; x_wconf 75' lang='lat' dir='ltr'>acl</span> <span class='ocrx_word' id='word_1_188' title='bbox 466 1715 533 1750; x_wconf 84' lang='lat' dir='ltr'>sed</span> <span class='ocrx_word' id='word_1_189' title='bbox 558 1719 604 1751; x_wconf 86' lang='lat' dir='ltr'>ut</span> <span class='ocrx_word' id='word_1_190' title='bbox 632 1714 733 1751; x_wconf 88' lang='lat' dir='ltr'>filios</span> <span class='ocrx_word' id='word_1_191' title='bbox 761 1727 865 1751; x_wconf 87' lang='lat' dir='ltr'>meos</span> <span class='ocrx_word' id='word_1_192' title='bbox 894 1714 1109 1751; x_wconf 86' lang='lat' dir='ltr'>carissimos</span> <span class='ocrx_word' id='word_1_193' title='bbox 1133 1727 1282 1761; x_wconf 86' lang='lat' dir='ltr'>moneo,</span> <span class='ocrx_word' id='word_1_194' title='bbox 1303 1715 1355 1751; x_wconf 88' lang='lat' dir='ltr'>In</span> <span class='ocrx_word' id='word_1_195' title='bbox 1375 1715 1532 1752; x_wconf 79' lang='lat' dir='ltr'>Christo</span> <span class='ocrx_word' id='word_1_196' title='bbox 1550 1714 1578 1751; x_wconf 87' lang='lat' dir='ltr'><strong>J</strong></span> <span class='ocrx_word' id='word_1_197' title='bbox 1581 1727 1648 1751; x_wconf 87' lang='lat' dir='ltr'>esu</span> <span class='ocrx_word' id='word_1_198' title='bbox 1667 1713 1841 1750; x_wconf 87' lang='lat' dir='ltr'>Domino</span> 
     </span>
     <span class='ocr_line' id='line_1_28' title="bbox 247 1772 392 1807; baseline -0.021 0"><span class='ocrx_word' id='word_1_199' title='bbox 247 1772 392 1807; x_wconf 82' lang='lat' dir='ltr'>nostro.</span> 
     </span>
    </p>

    <p class='ocr_par' dir='ltr' id='par_1_20' title="bbox 328 1821 846 1871">
     <span class='ocr_line' id='line_1_29' title="bbox 328 1821 846 1871; baseline 0.002 -14"><span class='ocrx_word' id='word_1_200' title='bbox 328 1822 394 1858; x_wconf 78' lang='lat' dir='ltr'>Acl</span> <span class='ocrx_word' id='word_1_201' title='bbox 413 1822 592 1859; x_wconf 69' lang='lat' dir='ltr'>Hebroeos</span> <span class='ocrx_word' id='word_1_202' title='bbox 611 1821 667 1871; x_wconf 75' lang='lat' dir='ltr'>(ae</span> <span class='ocrx_word' id='word_1_203' title='bbox 693 1822 846 1871; x_wconf 79' lang='lat'><em>32-38).</em></span> 
     </span>
    </p>

    <p class='ocr_par' dir='ltr' id='par_1_21' title="bbox 247 1874 1840 1967">
     <span class='ocr_line' id='line_1_30' title="bbox 327 1874 1840 1926; baseline -0.001 -14"><span class='ocrx_word' id='word_1_204' title='bbox 327 1876 504 1912; x_wconf 83' lang='lat' dir='ltr'>Fratres:</span> <span class='ocrx_word' id='word_1_205' title='bbox 525 1876 859 1912; x_wconf 82' lang='lat' dir='ltr'>Rememoramini</span> <span class='ocrx_word' id='word_1_206' title='bbox 878 1875 1065 1925; x_wconf 86' lang='lat' dir='ltr'>pristinos</span> <span class='ocrx_word' id='word_1_207' title='bbox 1083 1875 1175 1923; x_wconf 89' lang='lat' dir='ltr'>dies,</span> <span class='ocrx_word' id='word_1_208' title='bbox 1192 1876 1235 1912; x_wconf 87' lang='lat' dir='ltr'>in</span> <span class='ocrx_word' id='word_1_209' title='bbox 1254 1876 1397 1926; x_wconf 85' lang='lat' dir='ltr'>quibus</span> <span class='ocrx_word' id='word_1_210' title='bbox 1415 1875 1632 1913; x_wconf 87' lang='lat' dir='ltr'>illuminati</span> <span class='ocrx_word' id='word_1_211' title='bbox 1650 1888 1768 1924; x_wconf 78' lang='lat' dir='ltr'>usque</span> <span class='ocrx_word' id='word_1_212' title='bbox 1787 1874 1840 1911; x_wconf 77' lang='lat' dir='ltr'>ad</span> 
     </span>
     <span class='ocr_line' id='line_1_31' title="bbox 247 1929 965 1967; baseline 0.001 -1"><span class='ocrx_word' id='word_1_213' title='bbox 247 1929 276 1967; x_wconf 81' lang='lat' dir='ltr'>J</span> <span class='ocrx_word' id='word_1_214' title='bbox 278 1934 390 1966; x_wconf 88' lang='lat' dir='ltr'>ustus</span> <span class='ocrx_word' id='word_1_215' title='bbox 409 1934 542 1966; x_wconf 85' lang='lat' dir='ltr'>autem</span> <span class='ocrx_word' id='word_1_216' title='bbox 561 1943 670 1967; x_wconf 86' lang='lat' dir='ltr'>meus</span> <span class='ocrx_word' id='word_1_217' title='bbox 690 1943 739 1966; x_wconf 84' lang='lat' dir='ltr'>ex</span> <span class='ocrx_word' id='word_1_218' title='bbox 758 1930 833 1966; x_wconf 90' lang='lat' dir='ltr'>fide</span> <span class='ocrx_word' id='word_1_219' title='bbox 852 1930 965 1967; x_wconf 89' lang='lat' dir='ltr'>vivit.</span> 
     </span>
    </p>
   </div>
   <div class='ocr_carea' id='block_1_5' title="bbox 250 1994 1844 3005">
    <p class='ocr_par' dir='ltr' id='par_1_22' title="bbox 328 1994 1650 2044">
     <span class='ocr_line' id='line_1_32' title="bbox 328 1994 1650 2044; baseline 0.001 -13"><span class='ocrx_word' id='word_1_220' title='bbox 328 1995 454 2032; x_wconf 80' lang='lat' dir='ltr'>Lectio</span> <span class='ocrx_word' id='word_1_221' title='bbox 475 1994 564 2031; x_wconf 73' lang='lat' dir='ltr'>libri</span> <span class='ocrx_word' id='word_1_222' title='bbox 583 1994 837 2043; x_wconf 72' lang='lat' dir='ltr'>Apocalypsis</span> <span class='ocrx_word' id='word_1_223' title='bbox 855 1994 953 2032; x_wconf 79' lang='lat' dir='ltr'>beati</span> <span class='ocrx_word' id='word_1_224' title='bbox 971 1994 1006 2031; x_wconf 85' lang='lat' dir='ltr'><strong><em>J</em></strong></span> <span class='ocrx_word' id='word_1_225' title='bbox 1004 1994 1169 2033; x_wconf 71' lang='lat' dir='ltr'>ohannis</span> <span class='ocrx_word' id='word_1_226' title='bbox 1187 1994 1361 2044; x_wconf 74' lang='lat' dir='ltr'>Apostoli</span> <span class='ocrx_word' id='word_1_227' title='bbox 1382 1995 1474 2044; x_wconf 79' lang='lat' dir='ltr'><em>(vii.</em></span> <span class='ocrx_word' id='word_1_228' title='bbox 1500 1994 1650 2044; x_wconf 85' lang='lat'><strong>13-17).</strong></span> 
     </span>
    </p>

    <p class='ocr_par' dir='ltr' id='par_1_23' title="bbox 250 2048 1840 2152">
     <span class='ocr_line' id='line_1_33' title="bbox 330 2048 1840 2099; baseline 0 -15"><span class='ocrx_word' id='word_1_229' title='bbox 330 2049 381 2085; x_wconf 89' lang='lat' dir='ltr'>In</span> <span class='ocrx_word' id='word_1_230' title='bbox 408 2049 542 2085; x_wconf 85' lang='lat' dir='ltr'>diebus</span> <span class='ocrx_word' id='word_1_231' title='bbox 570 2049 659 2094; x_wconf 86' lang='lat' dir='ltr'>illis,</span> <span class='ocrx_word' id='word_1_232' title='bbox 682 2048 936 2098; x_wconf 85' lang='lat' dir='ltr'>Respondens</span> <span class='ocrx_word' id='word_1_233' title='bbox 965 2062 1067 2086; x_wconf 85' lang='lat' dir='ltr'>unus</span> <span class='ocrx_word' id='word_1_234' title='bbox 1097 2050 1145 2086; x_wconf 90' lang='lat' dir='ltr'>de</span> <span class='ocrx_word' id='word_1_235' title='bbox 1173 2050 1390 2086; x_wconf 83' lang='lat' dir='ltr'>senioribus</span> <span class='ocrx_word' id='word_1_236' title='bbox 1417 2062 1536 2099; x_wconf 78' lang='lat' dir='ltr'>usque</span> <span class='ocrx_word' id='word_1_237' title='bbox 1563 2049 1619 2087; x_wconf 82' lang='lat' dir='ltr'>ad</span> <span class='ocrx_word' id='word_1_238' title='bbox 1644 2048 1840 2098; x_wconf 87' lang='lat' dir='ltr'>absterget</span> 
     </span>
     <span class='ocr_line' id='line_1_34' title="bbox 250 2102 1010 2152; baseline 0 -12"><span class='ocrx_word' id='word_1_239' title='bbox 250 2116 405 2140; x_wconf 89' lang='lat' dir='ltr'>omnem</span> <span class='ocrx_word' id='word_1_240' title='bbox 425 2102 636 2152; x_wconf 83' lang='lat' dir='ltr'>lacrymam</span> <span class='ocrx_word' id='word_1_241' title='bbox 655 2103 705 2139; x_wconf 89' lang='lat' dir='ltr'>ab</span> <span class='ocrx_word' id='word_1_242' title='bbox 724 2102 845 2140; x_wconf 80' lang='lat' dir='ltr'>oculis</span> <span class='ocrx_word' id='word_1_243' title='bbox 865 2116 1010 2140; x_wconf 88' lang='lat' dir='ltr'>eorum.</span> 
     </span>
    </p>

    <p class='ocr_par' dir='ltr' id='par_1_24' title="bbox 333 2156 510 2194">
     <span class='ocr_line' id='line_1_35' title="bbox 333 2156 510 2194; baseline -0.006 0"><span class='ocrx_word' id='word_1_244' title='bbox 333 2156 510 2194; x_wconf 72' lang='lat' dir='ltr'>Gradate.</span> 
     </span>
    </p>

    <p class='ocr_par' dir='ltr' id='par_1_25' title="bbox 251 2209 1842 2367">
     <span class='ocr_line' id='line_1_36' title="bbox 333 2209 1767 2261; baseline 0 -15"><span class='ocrx_word' id='word_1_245' title='bbox 333 2210 535 2247; x_wconf 83' lang='lat' dir='ltr'>Gloriosus</span> <span class='ocrx_word' id='word_1_246' title='bbox 555 2209 664 2247; x_wconf 88' lang='lat' dir='ltr'>Deus</span> <span class='ocrx_word' id='word_1_247' title='bbox 683 2210 724 2246; x_wconf 88' lang='lat' dir='ltr'>in</span> <span class='ocrx_word' id='word_1_248' title='bbox 745 2210 888 2247; x_wconf 85' lang='lat' dir='ltr'>sanctis</span> <span class='ocrx_word' id='word_1_249' title='bbox 907 2211 1099 2248; x_wconf 85' lang='lat' dir='ltr'>mirabilis</span> <span class='ocrx_word' id='word_1_250' title='bbox 1119 2211 1161 2248; x_wconf 90' lang='lat' dir='ltr'>in</span> <span class='ocrx_word' id='word_1_251' title='bbox 1180 2212 1395 2261; x_wconf 88' lang='lat' dir='ltr'>majestate,</span> <span class='ocrx_word' id='word_1_252' title='bbox 1417 2211 1562 2248; x_wconf 85' lang='lat' dir='ltr'>faciens</span> <span class='ocrx_word' id='word_1_253' title='bbox 1581 2209 1767 2260; x_wconf 85' lang='lat' dir='ltr'>prodigia.</span> 
     </span>
     <span class='ocr_line' id='line_1_37' title="bbox 257 2264 1842 2314; baseline -0.002 -11"><span class='ocrx_word' id='word_1_254' title='bbox 257 2265 295 2303; x_wconf 84' lang='lat' dir='ltr'>V.</span> <span class='ocrx_word' id='word_1_255' title='bbox 332 2264 508 2301; x_wconf 81' lang='lat' dir='ltr'>Dextera</span> <span class='ocrx_word' id='word_1_256' title='bbox 526 2268 607 2309; x_wconf 88' lang='lat' dir='ltr'>tua,</span> <span class='ocrx_word' id='word_1_257' title='bbox 630 2264 810 2310; x_wconf 80' lang='lat' dir='ltr'>Domine,</span> <span class='ocrx_word' id='word_1_258' title='bbox 831 2264 1047 2314; x_wconf 84' lang='lat' dir='ltr'>glorificata</span> <span class='ocrx_word' id='word_1_259' title='bbox 1074 2270 1133 2302; x_wconf 88' lang='lat' dir='ltr'>est</span> <span class='ocrx_word' id='word_1_260' title='bbox 1160 2266 1204 2302; x_wconf 90' lang='lat' dir='ltr'>in</span> <span class='ocrx_word' id='word_1_261' title='bbox 1231 2266 1406 2302; x_wconf 85' lang='lat' dir='ltr'>virtute:</span> <span class='ocrx_word' id='word_1_262' title='bbox 1436 2266 1598 2302; x_wconf 87' lang='lat' dir='ltr'>dextera</span> <span class='ocrx_word' id='word_1_263' title='bbox 1616 2277 1754 2302; x_wconf 84' lang='lat' dir='ltr'>manus</span> <span class='ocrx_word' id='word_1_264' title='bbox 1772 2268 1842 2300; x_wconf 89' lang='lat' dir='ltr'>tua</span> 
     </span>
     <span class='ocr_line' id='line_1_38' title="bbox 251 2318 674 2367; baseline -0.002 -11"><span class='ocrx_word' id='word_1_265' title='bbox 251 2318 441 2367; x_wconf 85' lang='lat' dir='ltr'>confregit</span> <span class='ocrx_word' id='word_1_266' title='bbox 460 2318 674 2355; x_wconf 87' lang='lat' dir='ltr'>inimicum.</span> 
     </span>
    </p>

    <p class='ocr_par' dir='ltr' id='par_1_26' title="bbox 333 2371 511 2409">
     <span class='ocr_line' id='line_1_39' title="bbox 333 2371 511 2409; baseline 0 -1"><span class='ocrx_word' id='word_1_267' title='bbox 333 2371 511 2409; x_wconf 69' lang='lat' dir='ltr'>Grctclctle.</span> 
     </span>
    </p>

    <p class='ocr_par' dir='ltr' id='par_1_27' title="bbox 251 2425 1843 2624">
     <span class='ocr_line' id='line_1_40' title="bbox 333 2425 1843 2475; baseline -0.001 -13"><span class='ocrx_word' id='word_1_268' title='bbox 333 2426 612 2463; x_wconf 81' lang='lat' dir='ltr'>Clamaverunt</span> <span class='ocrx_word' id='word_1_269' title='bbox 625 2426 737 2475; x_wconf 87' lang='lat' dir='ltr'>justi,</span> <span class='ocrx_word' id='word_1_270' title='bbox 760 2430 799 2463; x_wconf 88' lang='lat' dir='ltr'>et</span> <span class='ocrx_word' id='word_1_271' title='bbox 812 2426 1009 2464; x_wconf 82' lang='lat' dir='ltr'>Dominus</span> <span class='ocrx_word' id='word_1_272' title='bbox 1023 2426 1228 2464; x_wconf 85' lang='lat' dir='ltr'>exaudivit</span> <span class='ocrx_word' id='word_1_273' title='bbox 1247 2440 1311 2464; x_wconf 88' lang='lat' dir='ltr'>eos</span> <span class='ocrx_word' id='word_1_274' title='bbox 1328 2441 1336 2465; x_wconf 91' lang='lat'>:</span> <span class='ocrx_word' id='word_1_275' title='bbox 1366 2431 1406 2464; x_wconf 90' lang='lat' dir='ltr'>et</span> <span class='ocrx_word' id='word_1_276' title='bbox 1421 2440 1469 2464; x_wconf 85' lang='lat' dir='ltr'>ex</span> <span class='ocrx_word' id='word_1_277' title='bbox 1483 2426 1664 2464; x_wconf 86' lang='lat' dir='ltr'>omnibus</span> <span class='ocrx_word' id='word_1_278' title='bbox 1681 2425 1843 2462; x_wconf 87' lang='lat' dir='ltr'>tribula-</span> 
     </span>
     <span class='ocr_line' id='line_1_41' title="bbox 251 2480 874 2518; baseline 0.003 -2"><span class='ocrx_word' id='word_1_279' title='bbox 251 2480 424 2516; x_wconf 84' lang='lat' dir='ltr'>tionibus</span> <span class='ocrx_word' id='word_1_280' title='bbox 445 2493 579 2516; x_wconf 90' lang='lat' dir='ltr'>eorum</span> <span class='ocrx_word' id='word_1_281' title='bbox 598 2480 781 2517; x_wconf 84' lang='lat' dir='ltr'>liberavit</span> <span class='ocrx_word' id='word_1_282' title='bbox 800 2494 874 2518; x_wconf 87' lang='lat' dir='ltr'>eos.</span> 
     </span>
     <span class='ocr_line' id='line_1_42' title="bbox 261 2533 1842 2584; baseline 0 -14"><span class='ocrx_word' id='word_1_283' title='bbox 261 2534 298 2570; x_wconf 83' lang='lat' dir='ltr'>V.</span> <span class='ocrx_word' id='word_1_284' title='bbox 334 2534 462 2570; x_wconf 84' lang='lat' dir='ltr'>Juxta</span> <span class='ocrx_word' id='word_1_285' title='bbox 481 2538 538 2570; x_wconf 88' lang='lat' dir='ltr'>est</span> <span class='ocrx_word' id='word_1_286' title='bbox 558 2534 753 2571; x_wconf 88' lang='lat' dir='ltr'>Dominus</span> <span class='ocrx_word' id='word_1_287' title='bbox 781 2535 842 2571; x_wconf 85' lang='lat' dir='ltr'>his</span> <span class='ocrx_word' id='word_1_288' title='bbox 872 2534 941 2584; x_wconf 89' lang='lat' dir='ltr'>qui</span> <span class='ocrx_word' id='word_1_289' title='bbox 970 2534 1159 2572; x_wconf 86' lang='lat' dir='ltr'>tribulato</span> <span class='ocrx_word' id='word_1_290' title='bbox 1178 2538 1272 2572; x_wconf 88' lang='lat' dir='ltr'>sunt</span> <span class='ocrx_word' id='word_1_291' title='bbox 1290 2535 1403 2572; x_wconf 85' lang='lat' dir='ltr'>corde</span> <span class='ocrx_word' id='word_1_292' title='bbox 1419 2548 1427 2572; x_wconf 92' lang='lat'><strong>:</strong></span> <span class='ocrx_word' id='word_1_293' title='bbox 1455 2538 1495 2572; x_wconf 85' lang='lat' dir='ltr'>et</span> <span class='ocrx_word' id='word_1_294' title='bbox 1513 2534 1681 2571; x_wconf 82' lang='lat' dir='ltr'>humiles</span> <span class='ocrx_word' id='word_1_295' title='bbox 1700 2533 1842 2583; x_wconf 83' lang='lat' dir='ltr'>spiritu</span> 
     </span>
     <span class='ocr_line' id='line_1_43' title="bbox 253 2587 431 2624; baseline -0.006 0"><span class='ocrx_word' id='word_1_296' title='bbox 253 2587 431 2624; x_wconf 84' lang='lat' dir='ltr'>salvabit.</span> 
     </span>
    </p>

    <p class='ocr_par' dir='ltr' id='par_1_28' title="bbox 336 2640 514 2678">
     <span class='ocr_line' id='line_1_44' title="bbox 336 2640 514 2678; baseline 0.006 -1"><span class='ocrx_word' id='word_1_297' title='bbox 336 2640 514 2678; x_wconf 75' lang='lat' dir='ltr'>Graslale.</span> 
     </span>
    </p>

    <p class='ocr_par' dir='ltr' id='par_1_29' title="bbox 261 2695 1802 2800">
     <span class='ocr_line' id='line_1_45' title="bbox 335 2695 1625 2746; baseline 0.002 -16"><span class='ocrx_word' id='word_1_298' title='bbox 335 2695 606 2731; x_wconf 84' lang='lat' dir='ltr'>Exsultabunt</span> <span class='ocrx_word' id='word_1_299' title='bbox 625 2695 750 2732; x_wconf 87' lang='lat' dir='ltr'>sancti</span> <span class='ocrx_word' id='word_1_300' title='bbox 769 2696 811 2733; x_wconf 89' lang='lat' dir='ltr'>in</span> <span class='ocrx_word' id='word_1_301' title='bbox 830 2696 976 2746; x_wconf 85' lang='lat' dir='ltr'>gloria:</span> <span class='ocrx_word' id='word_1_302' title='bbox 1004 2696 1243 2734; x_wconf 73' lang='lat' dir='ltr'>laetabuntur</span> <span class='ocrx_word' id='word_1_303' title='bbox 1261 2696 1303 2733; x_wconf 88' lang='lat' dir='ltr'>in</span> <span class='ocrx_word' id='word_1_304' title='bbox 1323 2695 1517 2733; x_wconf 81' lang='lat' dir='ltr'>cubilibus</span> <span class='ocrx_word' id='word_1_305' title='bbox 1535 2695 1625 2733; x_wconf 89' lang='lat' dir='ltr'>suis.</span> 
     </span>
     <span class='ocr_line' id='line_1_46' title="bbox 261 2748 1802 2800; baseline 0 -14"><span class='ocrx_word' id='word_1_306' title='bbox 261 2748 297 2786; x_wconf 88' lang='lat' dir='ltr'>V.</span> <span class='ocrx_word' id='word_1_307' title='bbox 336 2749 502 2785; x_wconf 84' lang='lat' dir='ltr'>Cantate</span> <span class='ocrx_word' id='word_1_308' title='bbox 522 2749 693 2786; x_wconf 88' lang='lat' dir='ltr'>Domino</span> <span class='ocrx_word' id='word_1_309' title='bbox 713 2750 910 2788; x_wconf 86' lang='lat' dir='ltr'>canticum</span> <span class='ocrx_word' id='word_1_310' title='bbox 928 2763 1076 2788; x_wconf 89' lang='lat' dir='ltr'>novum</span> <span class='ocrx_word' id='word_1_311' title='bbox 1092 2765 1100 2788; x_wconf 71' lang='grc' dir='ltr'>ε</span> <span class='ocrx_word' id='word_1_312' title='bbox 1127 2751 1212 2788; x_wconf 86' lang='lat' dir='ltr'>laus</span> <span class='ocrx_word' id='word_1_313' title='bbox 1231 2751 1314 2800; x_wconf 85' lang='lat' dir='ltr'>ejus</span> <span class='ocrx_word' id='word_1_314' title='bbox 1331 2750 1375 2786; x_wconf 90' lang='lat' dir='ltr'>in</span> <span class='ocrx_word' id='word_1_315' title='bbox 1393 2750 1551 2788; x_wconf 89' lang='lat' dir='ltr'>ecclesia</span> <span class='ocrx_word' id='word_1_316' title='bbox 1569 2753 1802 2787; x_wconf 78' lang='lat' dir='ltr'>sanctorum.</span> 
     </span>
    </p>

    <p class='ocr_par' dir='ltr' id='par_1_30' title="bbox 337 2802 513 2839">
     <span class='ocr_line' id='line_1_47' title="bbox 337 2802 513 2839; baseline 0 0"><span class='ocrx_word' id='word_1_317' title='bbox 337 2802 513 2839; x_wconf 71' lang='lat' dir='ltr'>Gradale.</span> 
     </span>
    </p>

    <p class='ocr_par' dir='ltr' id='par_1_31' title="bbox 253 2856 1844 3005">
     <span class='ocr_line' id='line_1_48' title="bbox 334 2856 1731 2908; baseline 0.002 -16"><span class='ocrx_word' id='word_1_318' title='bbox 334 2856 517 2903; x_wconf 87' lang='lat' dir='ltr'>Vindica,</span> <span class='ocrx_word' id='word_1_319' title='bbox 540 2856 719 2904; x_wconf 88' lang='lat' dir='ltr'>Domine,</span> <span class='ocrx_word' id='word_1_320' title='bbox 742 2858 968 2908; x_wconf 86' lang='lat' dir='ltr'>sanguinem</span> <span class='ocrx_word' id='word_1_321' title='bbox 991 2862 1215 2896; x_wconf 87' lang='lat' dir='ltr'>sanctorum</span> <span class='ocrx_word' id='word_1_322' title='bbox 1234 2862 1393 2896; x_wconf 87' lang='lat' dir='ltr'>tuorum</span> <span class='ocrx_word' id='word_1_323' title='bbox 1412 2858 1481 2908; x_wconf 87' lang='lat' dir='ltr'>qui</span> <span class='ocrx_word' id='word_1_324' title='bbox 1500 2858 1644 2895; x_wconf 83' lang='lat' dir='ltr'>effusus</span> <span class='ocrx_word' id='word_1_325' title='bbox 1663 2861 1731 2895; x_wconf 84' lang='lat' dir='ltr'>est.</span> 
     </span>
     <span class='ocr_line' id='line_1_49' title="bbox 261 2910 1844 2952; baseline 0.001 -4"><span class='ocrx_word' id='word_1_326' title='bbox 261 2910 300 2948; x_wconf 92' lang='lat' dir='ltr'>V.</span> <span class='ocrx_word' id='word_1_327' title='bbox 337 2910 558 2947; x_wconf 86' lang='lat' dir='ltr'>Posuerunt</span> <span class='ocrx_word' id='word_1_328' title='bbox 577 2911 757 2948; x_wconf 74' lang='lat' dir='ltr'>mortalia</span> <span class='ocrx_word' id='word_1_329' title='bbox 776 2926 977 2950; x_wconf 86' lang='lat' dir='ltr'>servorum</span> <span class='ocrx_word' id='word_1_330' title='bbox 996 2917 1155 2952; x_wconf 86' lang='lat' dir='ltr'>tuorum</span> <span class='ocrx_word' id='word_1_331' title='bbox 1185 2926 1288 2951; x_wconf 81' lang='lat' dir='ltr'>escas</span> <span class='ocrx_word' id='word_1_332' title='bbox 1317 2912 1545 2950; x_wconf 83' lang='lat' dir='ltr'>volatilibus</span> <span class='ocrx_word' id='word_1_333' title='bbox 1572 2912 1680 2950; x_wconf 83' lang='lat' dir='ltr'>caeli:</span> <span class='ocrx_word' id='word_1_334' title='bbox 1711 2922 1844 2949; x_wconf 78' lang='lat' dir='ltr'>carnes</span> 
     </span>
     <span class='ocr_line' id='line_1_50' title="bbox 253 2966 953 3005; baseline 0.004 -4"><span class='ocrx_word' id='word_1_335' title='bbox 253 2968 478 3002; x_wconf 84' lang='lat' dir='ltr'>sanctorum</span> <span class='ocrx_word' id='word_1_336' title='bbox 498 2969 654 3003; x_wconf 88' lang='lat' dir='ltr'>tuorum</span> <span class='ocrx_word' id='word_1_337' title='bbox 677 2966 810 3003; x_wconf 82' lang='lat' dir='ltr'>bestiis</span> <span class='ocrx_word' id='word_1_338' title='bbox 829 2970 953 3005; x_wconf 86' lang='lat' dir='ltr'>terrae.</span> 
     </span>
    </p>
   </div>
  </div>
 </body>
</html>
