1979 3348
231 672 856 748 SEQUEN'HAE
923 673 1523 736 COMMUNES.

311 962 362 999 IN
391 962 520 999 FEsro
548 973 670 999 UNms
700 972 790 998 SIVE
820 971 1088 998 PLURIMORUM
1117 961 1428 999 APOSTOLORUM.

152 1031 202 1070 Se
227 1032 369 1069 uentia.

202 1046 346 1123 quare
374 1089 598 1122 sanctorum
626 1088 783 1122 senatus
811 1085 1086 1134 apostolorum,
1116 1084 1297 1134 princeps
1326 1084 1430 1121 orbis
1458 1088 1664 1129 terrarum,

340 1143 545 1189 rectorque
564 1152 783 1188 regnorum,
1069 1137 1071 1139 ’

233 1193 495 1230 Ecclesiarum
514 1206 640 1229 mores
659 1197 698 1229 et
716 1193 841 1229 vitam
860 1192 1060 1229 moderare
1078 1206 1088 1240 3

233 1247 330 1292 Quae
350 1260 418 1296 per
438 1247 656 1284 doctrinam
675 1251 785 1283 tuam
804 1246 938 1283 fideles
958 1251 1050 1283 sunt
1069 1246 1225 1295 ubique.

231 1301 455 1338 Antiochus
474 1305 513 1337 et
533 1301 681 1337 Remus
700 1301 917 1337 concedunt
936 1300 1021 1346 tibi,
1045 1301 1173 1346 Petre,
1194 1300 1305 1349 regni
1323 1299 1463 1336 solium
1480 1312 1491 1346 3

232 1354 496 1403 Tyrannidem
515 1358 572 1400 tu,
595 1354 727 1400 Paule,
750 1354 1062 1391 Alexandrinam
1082 1354 1260 1390 invasisti
1281 1354 1481 1390 Graeciam.

232 1408 444 1457 AEthiopes
462 1408 650 1454 horridos,
674 1408 875 1455 Matthaee,
897 1408 1042 1457 agnelli
1061 1408 1215 1454 vellere,

234 1462 313 1507 Qui
331 1462 501 1499 maculas
520 1462 666 1498 nesciat
685 1462 848 1511 aliquas,
869 1462 1023 1498 vestisti
1042 1462 1216 1499 candido.

232 1515 394 1561 Thoma,
436 1516 730 1562 Bartholomaee,
772 1516 800 1552 J
803 1516 985 1562 ohannes,
1025 1515 1218 1565 Philippe,
1260 1515 1406 1560 Simon,
1446 1514 1474 1551 J
1477 1514 1664 1563 acobique

340 1570 494 1618 pariles,

231 1623 406 1669 Andrea,
427 1623 628 1669 Thaddaee,
652 1623 728 1659 Dei
755 1623 959 1659 bellatores
977 1623 1126 1671 inclyti.

231 1676 296 1714 En
314 1690 382 1714 vos
410 1677 537 1713 oriens
557 1681 597 1713 et
625 1677 813 1723 occidens,
834 1677 954 1713 immo
980 1681 1082 1713 teres
1112 1676 1250 1714 mundi
1278 1676 1444 1713 circulus
1469 1689 1508 1712 se
1536 1680 1666 1726 patres

337 1731 479 1767 habere
497 1730 680 1780 gaudent,
700 1734 739 1767 et
759 1735 967 1779 expectant
981 1730 1143 1779 judices,

233 1784 287 1821 Et
306 1784 448 1821 idcirco
473 1785 643 1821 mundus
668 1784 794 1821 omnis
819 1785 950 1821 laudes
970 1784 1082 1821 vobis
1101 1789 1140 1821 et
1159 1783 1324 1821 honores
1345 1784 1490 1820 sanctis
1513 1784 1665 1821 debitos

337 1839 503 1888 supplex
521 1838 724 1888 impendit.

151 1908 248 1947 Item
266 1907 349 1945 alia
374 1907 591 1956 Sequentia.

228 1961 418 2011 Alleluya
437 1976 540 1999 nuno
560 1963 741 1999 decantet
770 1962 1004 1999 universalis
1023 1962 1206 2009 Ecclesia,

228 2015 468 2053 Extollendo
487 2016 600 2053 laude
620 2017 721 2054 celsa
740 2016 1005 2065 apostolorum
1025 2016 1203 2065 insignia.

231 2070 408 2115 Quorum
427 2070 606 2119 princeps
625 2083 695 2119 per
714 2083 866 2107 erucem
886 2070 1037 2106 scandit
1057 2071 1199 2106 Petrus
1217 2069 1298 2106 alta
1317 2069 1397 2118 poli
1416 2069 1541 2106 sidera
1557 2083 1567 2116 3

229 2124 378 2160 Doctor
397 2124 501 2160 orbis
519 2124 738 2173 triumphat
758 2124 829 2159 sub
849 2124 1008 2160 Nerone
1027 2125 1123 2159 urbe
1142 2123 1184 2160 in
1205 2122 1406 2160 Romulea.

228 2177 339 2214 Crux
359 2177 531 2213 Andreae
551 2177 668 2228 digna
688 2177 838 2214 confert
857 2178 1027 2227 praemia,
1048 2177 1076 2214 J
1078 2178 1220 2214 acobus
1239 2181 1405 2226 uterque
1425 2177 1527 2213 nitet

337 2231 481 2277 laurea,

228 2284 409 2321 Herodes
428 2285 553 2330 illum,
575 2283 680 2320 hunc
698 2284 726 2321 J
730 2284 867 2322 udaica
885 2298 978 2334 gens
997 2284 1237 2321 transmittit
1255 2284 1304 2321 ad
1324 2284 1478 2321 aethera.

226 2338 331 2375 Sunt
341 2338 368 2375 J
372 2338 528 2384 ohanni,
547 2343 639 2374 sunt
652 2337 844 2376 Matthaeo
865 2339 1004 2375 collata
1023 2339 1099 2375 duo
1119 2339 1223 2375 clara
1240 2339 1455 2388 gratiarum
1475 2352 1657 2377 munera:

228 2391 431 2441 Hyrtacus
451 2392 563 2428 illum
581 2396 705 2439 necat,
727 2393 831 2430 hunc
859 2406 947 2430 suas
966 2393 994 2430 J
996 2406 1082 2429 esus
1101 2397 1214 2429 vocat
1232 2392 1281 2429 ad
1300 2393 1441 2441 epulas.

228 2444 448 2495 Philippus,
473 2445 622 2482 Christi
640 2447 767 2494 gratia
788 2447 938 2493 docens,
961 2446 1146 2497 praedicat
1164 2447 1206 2483 'm
1227 2446 1396 2495 Scythia.

226 2499 407 2546 Thomas,
427 2499 623 2536 confossus
642 2500 785 2547 lancea,
807 2514 961 2537 cursum
980 2504 1224 2538 consummat
1242 2501 1284 2536 in
1304 2500 1429 2539 India.

226 2553 363 2590 Simon
382 2557 422 2590 et
440 2553 468 2590 J
472 2553 566 2590 udas
586 2553 679 2590 dum
699 2558 804 2591 sacra
824 2554 954 2592 Persis
974 2555 1187 2591 ostendunt
1206 2554 1368 2601 monita,

226 2607 355 2644 Fusus
374 2607 530 2657 sanguis
549 2607 681 2644 ambos
700 2608 798 2644 stola
818 2608 1043 2657 perornavit
1062 2621 1267 2658 purpurea.

225 2661 536 2698 Bartholomaeus
555 2661 623 2699 dat
642 2661 753 2698 Indis
772 2663 864 2698 vitae
884 2663 1074 2711 dogmata.

227 2714 410 2751 Matthiae
429 2715 600 2752 culmina
619 2715 727 2752 dedit
746 2729 828 2752 sors
847 2716 1069 2765 apostolica.

228 2767 397 2805 Plaudat
416 2782 507 2818 ergo
534 2769 661 2815 tellus,
684 2769 843 2818 plaudat
863 2770 1045 2807 caelorum
1072 2769 1288 2816 machinaj*
1318 2775 1357 2806 et
1378 2771 1448 2807 hac
1468 2770 1529 2806 die
1550 2782 1655 2807 sacra

332 2822 495 2870 plaudat
511 2835 678 2871 praesens
697 2823 858 2868 familia,

227 2875 471 2914 Honora-ndo
489 2881 733 2914 sacrosancta
751 2877 1016 2926 apostolorum
1035 2877 1185 2915 merita.

495 2979 510 2994 ¹
534 2979 647 3009 Sarum
662 2979 723 3008 and
739 2979 897 3008 Hereford
911 2979 1100 3008 Missam—‘⁴
1112 2979 1225 3009 curia.”
