1979 3348
634 227 881 283 Seqzaentioe
915 228 1187 272 Communes,
1633 237 1712 277 201

196 336 248 377 In
266 336 395 374 ‘natali
414 337 535 376 unius
554 338 798 386 evanyelistoe.
857 339 1072 388 Sequentia.

580 392 727 429 Plausu
748 393 886 429 chorus
906 394 1130 431 laetabundo

579 446 666 482 Hos
686 447 854 493 attollat,
877 460 945 496 per
963 461 1061 496 quos
1079 448 1226 484 mundo

633 499 784 536 Sonant
803 500 1026 549 Evangelia.

578 553 685 590 Voce
706 567 874 602 quorum
893 555 997 591 salus
1017 555 1136 592 fluxit
1149 568 1159 602 3

578 606 672 643 Nox
692 608 861 653 recessit,
885 612 924 644 et
943 608 1079 645 illuxit

631 660 696 697 Sol
717 661 918 697 illustrans
938 663 1078 699 omnia.

576 721 720 758 Curam
739 735 856 771 agens
876 723 936 759 sui
955 724 1082 773 gregis

574 774 716 812 Pastor
735 776 871 821 bonus,
894 781 1030 813 auctor
1048 777 1155 827 legis,

628 829 826 873 Quattuor
845 830 1035 877 instituit,

573 882 724 926 Quadri
744 883 847 920 orbis
867 884 915 920 ad
935 884 1127 921 medelam

571 935 754 972 Formam
768 938 870 986 juris
890 943 930 974 et
950 939 1142 975 cautelam

625 989 703 1026 Per
720 1003 817 1039 quos
836 992 954 1028 scribi
974 992 1110 1029 voluit.

570 1050 685 1088 Circa
702 1052 835 1089 thema
854 1053 1032 1102 generale

572 1104 708 1142 Habet
728 1107 891 1155 quisque
910 1108 1074 1156 speciale

626 1158 730 1207 Styli
748 1161 998 1210 privilegium
1015 1176 1021 1198 :

569 1211 686 1256 Quod
709 1213 887 1263 designat
906 1215 948 1251 in
967 1216 1158 1265 propheta

571 1265 715 1303 Forma
734 1268 861 1316 pictus
881 1270 952 1305 sub
972 1270 1139 1307 discreta

624 1319 772 1358 Vultus
791 1323 1030 1360 animalium.

570 1381 726 1419 Pellens
746 1384 888 1420 nubem
910 1390 1052 1421 nostrae
1072 1386 1185 1423 molis

570 1435 759 1473 Intuetur
770 1438 890 1486 jubar
908 1439 999 1475 solis

620 1489 648 1526 J
651 1490 823 1527 ohannes
842 1491 884 1527 in
902 1493 1035 1541 aquila
1047 1506 1058 1539 3

568 1542 696 1592 Supra
715 1545 825 1581 caelos
845 1546 939 1582 dum
959 1547 1195 1595 conscendit,

566 1596 746 1634 Verbum
767 1598 898 1636 Patris
917 1600 1175 1648 deprehendit

616 1650 768 1687 Natum
789 1657 880 1689 ante
899 1654 1051 1691 saeeula.

563 1712 637 1749 Est
656 1713 779 1750 leonis
798 1715 988 1763 rugientis

566 1766 702 1804 LIarco
721 1767 868 1815 vultus,
890 1770 1128 1819 resurgentis

620 1820 706 1865 Quo
726 1822 845 1859 claret
865 1825 1041 1872 potentia
1054 1838 1065 1871 3

560 1873 670 1911 Voce
690 1874 820 1912 Patris
840 1877 1048 1924 excitatus,

559 1927 696 1977 Surgit:
716 1929 907 1976 Christus,
931 1931 1131 1969 laureatus

612 1981 837 2020 Immortali
854 1985 988 2033 gloria.

558 2042 611 2080 Os
630 2043 848 2081 humanum
868 2051 927 2082 est
948 2047 1144 2095 Matthaei,

553 2096 605 2132 In
624 2097 797 2135 humana
816 2100 941 2136 forma
962 2101 1039 2137 Dei

606 2150 808 2188 Dictantis
827 2154 1047 2203 prosapiam
1062 2168 1072 2201 3

552 2203 675 2253 Cujus
694 2218 814 2254 genus
834 2207 888 2243 sic
911 2209 1097 2255 contexit,

549 2257 664 2302 Quod
684 2272 706 2295 a
725 2260 847 2309 stirpe
868 2261 998 2298 David
1018 2263 1103 2299 exit

603 2311 680 2348 Per
699 2315 826 2350 carnis
848 2316 1061 2353 materiam.

547 2372 689 2410 Riotus
709 2375 821 2413 bovis
843 2376 959 2414 Lucae
980 2378 1108 2426 datur,

545 2426 603 2463 In'
617 2441 695 2476 qua
714 2429 839 2466 forma
857 2431 1051 2480 figuratur

598 2481 716 2518 Nova
736 2482 917 2521 Christus
937 2485 1066 2523 hostia
1080 2500 1090 2533 3

542 2534 629 2571 Ara
648 2537 773 2573 crucis
792 2543 1020 2576 mansuetus

543 2588 623 2625 Hic
643 2594 847 2638 mactatur,
870 2592 1001 2642 sicque
1020 2597 1134 2631 vetus

596 2642 754 2680 Transit
773 2645 1031 2684 observantia.

541 2703 721 2742 Paradisi
740 2706 820 2743 haec
839 2707 988 2745 fluenta

540 2757 657 2795 Nova
676 2759 820 2808 pluunt
838 2767 1091 2810 sacramenta,

595 2812 691 2856 Quae
711 2813 883 2851 irrorant
901 2817 1095 2865 gentibus.

540 2865 617 2902 His
637 2867 835 2917 quadrigis
855 2869 1087 2918 deportatur

537 2919 691 2957 Mundo
712 2921 832 2969 Deus,
853 2923 1087 2961 sublimatur

616 2973 712 3011 Istis
731 2988 819 3013 arca
839 2977 1026 3015 vectibus.
