1979 3348
222 241 304 280 310
936 240 1093 283 Prosae.

220 350 324 395 Quid
344 350 417 387 tibi
436 350 611 399 profecit,
632 350 789 400 profane
809 364 976 400 serpens,
999 351 1195 400 quondam
1214 365 1332 388 unam
1352 352 1542 401 decepisse
1561 353 1774 401 mulierem,

219 404 318 441 Cum
334 405 443 454 virgo
462 405 654 454 pepererit
674 405 919 441 incarnatum
940 406 1015 441 Dei
1035 405 1166 441 Patris
1184 406 1343 442 unicum
1362 407 1562 443 dominum
1581 407 1609 444 J
1611 420 1718 444 esum
1739 421 1750 455 3

220 458 298 502 Qui
317 458 486 508 praedam
506 459 581 494 tibi
600 458 694 494 tulit
713 462 752 494 ct
771 458 923 495 armilla
941 459 1139 495 maxillam
1161 460 1274 507 forat,

218 511 281 548 Ut
299 525 471 562 egressus
491 512 585 548 Evae
603 513 708 548 natis
728 513 807 557 fiat,
830 525 926 561 quos
944 516 1076 549 tenere
1096 513 1228 562 cupis?

219 565 271 602 Et
290 566 493 602 maritatas
513 578 646 615 parere
665 565 764 602 filios
786 565 870 602 Deo
890 566 1093 614 placitos‚*

218 619 376 668 Semper
395 624 597 656 cantantes
617 619 746 656 dulcia
765 620 1002 669 virginitatis
1021 620 1183 667 cantica,

218 673 271 709 Et
290 673 494 710 viduarum
516 673 667 709 maritis
686 673 801 710 fidem
821 686 924 710 nunc
943 674 1107 723 ingemis
1125 674 1327 724 integram.

217 726 295 771 Qui
314 727 495 764 creatoris
514 727 629 763 fidem
649 740 789 776 negare
807 740 1049 777 persuaseras
1070 728 1226 777 virgini,

216 781 408 817 Faeminas
427 794 532 818 nunc
550 781 658 817 vides
677 781 718 817 in
738 781 839 817 bello
859 786 994 818 contra
1012 786 1052 818 te
1070 783 1171 819 facto
1191 782 1305 818 duces
1324 782 1525 828 exsistere,

216 834 312 879 Quae
331 835 430 871 filios
450 847 539 871 suos
558 834 748 884 instigant
768 835 931 881 fortiter,
952 840 1022 872 tua
1039 840 1234 872 tormenta
1253 836 1417 873 vincere.

215 889 320 933 Quin
340 889 404 927 eti·
422 893 491 925 tua
510 901 604 925 vasa
622 889 844 926 meretrices
864 889 1057 926 Dominus
1076 890 1273 936 emundat,

215 943 268 979 Et
286 943 368 979 haec
387 942 461 979 sibi
479 942 624 992 templa
643 942 827 992 dignatur
846 943 993 980 efficere
1011 949 1185 993 purgata.

214 996 291 1034 Pro
310 996 371 1033 his
389 1009 493 1033 nunc
521 996 718 1033 beneficiis
747 997 789 1032 in
818 1010 1021 1034 commune
1050 997 1265 1034 Dominum
1285 1011 1354 1034 nos
1372 997 1630 1048 glorificemus
1649 1002 1689 1036 et
1715 1011 1800 1048 peo—

319 1054 467 1087 catores
486 1054 526 1086 et
539 1050 650 1099 justi,

212 1104 319 1153 Qui‡
345 1108 385 1140 et
413 1108 633 1140 constantes
662 1104 885 1141 corroborat
913 1108 952 1141 et
971 1105 1161 1154 prolapsis
1180 1105 1383 1143 dexteram
1402 1106 1578 1157 porrigit,
1599 1110 1645 1143 ut
1664 1105 1802 1144 saltem

318 1162 407 1208 post
425 1158 595 1194 facinora
616 1171 828 1206 surgamus.

934 1264 1088 1303 LXIX.

401 1346 526 1383 Prosa
544 1347 598 1383 acl
616 1346 823 1394 Sequentia
844 1345 1030 1383 Planctus
1049 1344 1172 1395 cygni.

403 1410 597 1459 Alleluya.

319 1473 539 1509 PLANGANT
568 1484 666 1509 FILII
698 1483 949 1510 PLORATIONE
978 1483 1064 1509 UNA

318 1526 437 1563 Alitis
457 1527 572 1576 cygni
591 1527 658 1575 qui
677 1527 949 1563 transfretavit
968 1539 1133 1575 aequora.

320 1579 353 1615 0
374 1594 491 1630 quam
510 1594 639 1617 amare
654 1581 944 1617 lamentabatur
962 1580 1072 1617 arida

319 1634 367 1671 Se
386 1635 635 1684 dereliquisse
652 1635 841 1684 florigera,
862 1638 902 1671 et
921 1634 1062 1683 petisse
1080 1634 1161 1670 alta
1179 1633 1312 1680 maria,

319 1687 449 1734 Aiens,
472 1688 619 1725 Infelix
638 1701 723 1724 sum
743 1688 904 1735 avicula,
926 1688 1002 1725 heu
1021 1687 1119 1724 mihi
1137 1687 1232 1737 quid
1251 1700 1363 1736 agam
1384 1687 1533 1733 misera,

318 1742 462 1779 Pennis
482 1743 609 1779 soluta
629 1742 753 1791 ignita
772 1742 900 1778 lucida
918 1755 996 1778 non
1015 1746 1149 1791 potero
1169 1741 1231 1777 hic
1251 1741 1319 1790 §in
1338 1742 1483 1790 stella.§

322 1796 449 1833 Undis
468 1797 634 1845 quatior,
656 1796 833 1845 procellis
852 1796 942 1832 hinc
961 1796 1051 1832 inde
1070 1808 1175 1832 nunc
1193 1795 1333 1831 allidor
1351 1795 1538 1831 exsulata.

318 1848 453 1899 Angor
471 1851 575 1886 inter
593 1851 674 1886 alta
691 1850 890 1899 gurgitum
910 1849 1120 1886 cacumina.

319 1903 486 1940 Gemens
505 1904 642 1940 alatizo
660 1904 818 1940 intuens
837 1903 1046 1949 mortifera,
1067 1916 1146 1939 non
1163 1901 1422 1939 conscendens
1442 1915 1580 1951 supera
1601 1916 1608 1938 :

318 1957 488 1994 Cernens
507 1958 660 2007 copiosa
679 1958 842 2006 piscium
861 1957 1069 2006 legumina,

318 2011 410 2048 Non
430 2025 528 2061 queo
547 2012 650 2049 inter
670 2012 806 2048 densos
825 2011 998 2059 gurgites
1016 2023 1210 2047 assumere
1230 2010 1418 2046 alimenta
1438 2009 1597 2059 optima.

318 2065 439 2102 Ortus
458 2079 611 2102 occasus
631 2065 750 2115 plagae
770 2065 849 2114 poli
868 2064 1139 2101 administrare
1159 2063 1287 2100 lucida
1307 2064 1434 2100 sidera

318 2118 626 2169 Suffraginantes
646 2120 803 2165 Oriona,
825 2118 1072 2167 effugitantes
1091 2118 1213 2154 nubes
1232 2117 1418 2154 occiduas.

317 2174 424 2210 Dum
443 2174 524 2210 haec
543 2173 751 2223 cogitaretll
771 2173 903 2219 tacita,
923 2172 1033 2208 venit
1051 2172 1217 2208 rutilans
1235 2171 1473 2207 adminicula
1496 2171 1650 2207 Aurora
1665 2184 1676 2217 3

318 2227 523 2277 Opitulata
541 2228 733 2264 afflamine
753 2227 868 2275 coepit
886 2226 1031 2262 virium
1050 2238 1277 2275 recuperare
1296 2225 1423 2261 fortia.

318 2282 527 2319 Ovatizans
540 2282 620 2330 jam
643 2282 830 2330 agebatur
848 2281 951 2316 inter
970 2280 1050 2316 alta
1068 2284 1107 2316 et
1126 2283 1307 2316 consueta
1326 2279 1490 2314 nubium
1510 2291 1607 2315 aera.

317 2336 501 2373 Hilarata
520 2349 563 2372 ac
576 2335 790 2384 jocundata
808 2334 926 2370 nimis
944 2334 1046 2370 facta
1065 2333 1293 2382 penetrabat
1312 2333 1477 2369 niarium
1497 2332 1669 2369 flumina.

317 2389 548 2426 Dulcimode
568 2389 762 2426 cantitans
782 2388 964 2424 volitavit
982 2388 1030 2424 ad
1050 2400 1201 2424 amoena
1219 2386 1336 2423 arida.

319 2443 546 2480 Concurrite
566 2443 696 2479 omnia
715 2442 764 2478 ad
783 2442 896 2478 littus
916 2446 954 2478 et
969 2441 1205 2478 conclamate
1225 2441 1392 2489 agmina,

318 2497 419 2547 Regi
439 2497 523 2533 Deo
543 2497 594 2533 sit
613 2497 736 2546 gloria
755 2502 912 2533 aeterna.

939 2615 1071 2651 LXX.

400 2697 548 2745 (Prosa
566 2697 641 2748 ad)
660 2696 865 2744 Sequentia
884 2695 1092 2732 Exsultate
1113 2695 1196 2731 Deo
1214 2694 1406 2731 solventes
1425 2692 1561 2730 munia
1579 2692 1714 2729 laudis.

392 2762 582 2811 Alleluya.

480 2824 719 2860 ExsquA'rE
740 2822 824 2859 Deo
843 2822 998 2871 agmina
1015 2820 1156 2867 fidelia,

480 2878 679 2926 Tympano
699 2880 738 2913 et
758 2876 906 2912 cithara
925 2875 1105 2925 organica
1120 2888 1130 2921 5

365 2972 379 2987 ¹
401 2969 658 3007 &Is—placidos.
893 2968 909 3007 †
930 2967 1105 3001 MS.—Qui
1119 2975 1167 2995 ne.
1404 2966 1420 3003 ‡
1442 2963 1648 2997 MS.—Quin.

587 3009 603 3048 ᾗ
625 3007 863 3036 MS.—instilla.
1099 3006 1110 3044 Η
1134 3005 1421 3042 MS.—cogItarem.
