1979 3348
631 231 756 274 Festa
784 230 1057 286 Septembris,
1560 236 1639 274 109

219 342 321 379 Odas
336 346 453 391 atque
472 342 598 378 solvat
617 343 748 378 concio
768 342 842 378 tibi
861 346 1005 386 nostra,

217 395 314 432 Cum
330 397 413 443 jam
432 400 671 432 renovantur
690 395 893 432 Michaelis
912 395 1059 443 inclyta
1079 394 1189 431 valde
1209 395 1316 440 festa,

217 449 293 486 Per
312 462 426 497 quem
445 449 667 485 laetabunda.
686 453 917 498 perornatur
935 448 1114 485 machina
1134 448 1271 484 mundi
1290 453 1383 484 tota.

215 503 256 539 N
259 503 362 539 ovies
382 503 565 539 distincta
584 507 839 551 pneumatum
858 508 950 539 sunt
969 502 1123 551 agmina
1146 515 1215 550 per
1234 507 1272 538 te
1292 502 1406 547 facta,

216 556 292 593 Sed
312 569 398 592 011111
418 556 477 592 vis
496 557 590 593 facis
608 557 688 592 luce
708 557 884 592 flammea
904 569 972 604 per
990 555 1182 604 angelicas
1201 555 1382 592 officinas.

215 610 327 646 Inter
346 611 529 658 primaeva
549 614 641 646 sunt
660 610 739 646 haec
759 608 871 645 nans*
891 614 1018 645 creata
1036 614 1106 645 tua
1122 623 1128 645 :
1158 622 1246 645 cum
1271 609 1391 645 simus
1411 622 1479 645 nos
1500 609 1640 646 ultima

320 664 482 707 factura,
504 664 569 699 sed
590 664 716 712 imago
736 669 814 699 tua.

214 717 408 765 Theologa
424 717 682 765 categorizant
702 716 875 766 symbola
889 716 1001 752 nobis
1016 716 1096 752 haec
1111 719 1171 752 ter
1186 716 1384 765 tripertita
1403 729 1472 765 per
1486 717 1641 765 privata

322 771 446 807 officia
462 784 472 816 3

215 824 329 861 Plebs
354 824 536 873 angelica,
554 823 725 872 phalanx
741 828 779 859 et
798 822 1074 871 archangelica,
1089 823 1313 872 principans
1333 826 1475 870 turma,
1498 824 1639 860 virtus-

320 891 394 926 que
413 878 582 923 uranica,
606 890 649 913 ac
668 880 839 926 potestas
857 876 1093 925 almiphona,

215 931 469 967 Dominantia
489 931 661 976 numina,
682 931 891 979 divinaque
911 930 1103 977 subsellia,

215 984 414 1021 Cherubin
435 984 611 1029 aetherea,
633 989 672 1020 et
693 984 884 1033 Seraphin
903 984 1105 1032 ignicoma.

214 1038 308 1084 Vos,
333 1038 365 1074 O
387 1038 558 1074 Michael
577 1038 659 1074 caeli
679 1042 843 1087 satrapa,
862 1037 1097 1086 Gabrielque
1112 1050 1204 1073 vera
1223 1038 1319 1074 dans
1339 1037 1464 1075 Verbi
1484 1039 1638 1085 nuntia,

211 1091 347 1140 Atque
373 1092 550 1140 Raphael
569 1092 661 1128 vitae
680 1092 852 1137 vernula,
875 1091 1083 1127 transferte
1102 1104 1172 1127 nos
1192 1091 1297 1127 inter
1312 1092 1594 1130 Paradisicolas
1614 1107 1621 1129 :

212 1145 289 1182 Per
303 1158 371 1181 vos
391 1145 520 1181 Patris
540 1150 679 1182 cuncta
695 1146 939 1194 complentur
957 1145 1152 1191 mandata,
1175 1158 1260 1194 quae
1281 1146 1348 1182 dat

213 1198 399 1247 Ejusdem
420 1199 576 1248 Sophia,
597 1212 752 1248 compar
770 1212 923 1248 quoque
939 1198 1125 1244 Pneuma,
1140 1212 1218 1235 una
1231 1212 1460 1247 permanens
1481 1201 1522 1236 in
1535 1200 1638 1237 usia:

211 1252 288 1289 Oui
307 1253 398 1289 estis
416 1253 732 1289 administrantia
752 1253 847 1298 Deo,
869 1252 992 1289 millia
1011 1253 1180 1289 millium
1200 1266 1306 1289 sacra

212 1306 330 1343 Vices
346 1320 415 1355 per
434 1307 492 1343 bis
513 1307 650 1356 quinas
667 1321 673 1343 :
702 1307 761 1342 bis
781 1310 898 1355 atque
918 1307 1113 1356 quingena
1132 1307 1231 1342 dena

209 1359 383 1396 Centena
402 1360 562 1397 millena
580 1361 768 1396 assistunt
787 1360 829 1396 in
847 1360 946 1405 aula,
964 1360 1013 1396 ad
1033 1373 1149 1408 quam
1168 1373 1238 1396 rex
1254 1373 1366 1396 ovem
1386 1361 1638 1398 centesimam

210 1413 476 1463 Verbigenam
496 1414 772 1463 dragmamque
792 1414 980 1450 decimam
1001 1418 1129 1450 vestra
1149 1413 1266 1450 duxit
1285 1427 1401 1463 supra
1421 1415 1624 1464 agalmata.

210 1467 295 1503 Vos
314 1481 383 1516 per
401 1468 555 1514 aethera,
578 1481 647 1503 nos
666 1481 735 1516 per
753 1481 854 1513 rura,
877 1467 976 1504 dena

211 1521 308 1557 Pars
329 1521 460 1565 electa,
482 1521 693 1557 harmoniaer
713 1525 804 1557 vota
823 1521 959 1557 damus
978 1521 1224 1570 hyperlyrica
1244 1521 1391 1558 cithara
1408 1537 1415 1558 :

212 1574 300 1619 Quo
319 1578 407 1624 post
427 1575 528 1611 bella
549 1574 754 1611 Michaelis
773 1575 921 1624 inclyta

212 1628 298 1664 Deo
317 1632 449 1664 nostra
468 1629 548 1664 sint
566 1632 723 1677 accepta
742 1641 899 1664 auream
918 1628 1018 1665 circa
1037 1641 1145 1664 aram
1165 1628 1421 1677 thymiamata
1438 1643 1445 1666 :

212 1681 298 1726 Quo
318 1682 359 1718 in
379 1695 504 1718 coaeva
519 1682 603 1730 jam
622 1682 745 1730 gloria

212 1734 544 1772 Condecantemus
563 1735 760 1784 Alleluya.

131 1837 352 1876 Secunclmn
381 1840 611 1876 Matthceum
631 1840 758 1888 (xviii.
786 1840 910 1888 l-lO).

131 1900 182 1936 In
218 1901 286 1937 illo
322 1905 507 1950 tempore,
539 1902 801 1938 Accesserunt
831 1901 1011 1950 discipuli
1047 1901 1096 1938 ad
1133 1901 1271 1938 Jesum
1304 1901 1502 1947 dicentes:
1543 1903 1640 1948 Quis

52 1959 165 2005 putas
185 1955 309 2004 major
328 1959 386 1991 est
405 1969 522 2004 usque
542 1956 595 1992 (cd
614 1955 683 2004 qui
702 1956 743 1991 in
763 1955 866 1992 czelis
887 1959 954 1991 est.

132 2012 265 2050 Credo.

134 2078 388 2125 Qffertorium.

132 2139 253 2176 Stetit
282 2141 441 2189 angelus
473 2141 591 2190 juxta
623 2155 730 2178 aram
760 2141 897 2190 templi
934 2141 1080 2178 habens
1117 2141 1365 2178 thuribulum
1403 2155 1563 2179 aureum
1598 2144 1639 2179 in

50 2206 169 2231 manu
189 2207 281 2230 sua:
311 2198 350 2230 et
370 2195 460 2230 data
480 2200 572 2231 sunt
597 2195 632 2232 ei
660 2195 816 2232 incensa
842 2195 980 2241 multa,
1002 2198 1042 2232 et
1069 2195 1243 2232 ascendit
1270 2196 1400 2232 fumus
1419 2201 1638 2234 aromatum

51 2248 89 2283 in
113 2251 320 2296 conspectu
340 2248 427 2293 Dei,
449 2248 626 2298 alleluya.

132 2311 291 2348 Secreta.

131 2365 294 2402 Hostias
324 2365 410 2412 tibi,
446 2366 626 2412 Domine,
661 2366 789 2403 laudis
820 2366 1016 2403 offerimus
1048 2367 1275 2415 suppliciter
1303 2367 1565 2417 deprecantes,
1595 2373 1640 2404 ut

52 2419 212 2466 easdem,
230 2420 402 2467 angelico
423 2433 491 2468 pro
511 2420 622 2457 nobis
641 2420 927 2457 interveniente
946 2421 1140 2469 suffragio,
1159 2425 1197 2457 et
1212 2420 1387 2470 placatus
1408 2422 1583 2471 accipias,
1601 2426 1640 2458 et

49 2473 100 2510 ad
120 2473 284 2509 salutem
303 2478 476 2510 nostram
495 2474 700 2523 provenire
720 2474 915 2511 concedas.
975 2474 1052 2511 Per
1071 2474 1298 2511 Dominum.

135 2537 375 2576 communio.

132 2590 357 2628 Benedicite
376 2605 508 2629 omnes
526 2592 656 2642 angeli
675 2592 849 2639 Domini,
872 2592 1044 2630 Domino
1063 2607 1070 2630 :
1091 2593 1282 2643 hymnum
1303 2593 1434 2640 dicite,
1455 2599 1494 2631 et
1511 2608 1639 2644 super-

52 2644 222 2681 exaltate
242 2658 331 2682 eum
349 2646 392 2682 in
407 2646 554 2683 saecula.

133 2710 452 2748 Postcovmmnio.

134 2771 248 2808 Beati
283 2773 505 2821 archangeli
542 2773 603 2810 tui
634 2773 839 2810 Michaelis
876 2773 1151 2811 intercessione
1190 2775 1343 2813 suffulti
1376 2775 1567 2825 supplices
1587 2779 1638 2821 te,

54 2824 232 2873 Domine,
272 2826 532 2876 deprecamur,
573 2832 617 2864 ut
655 2840 751 2877 quos
788 2827 933 2864 honore
971 2829 1257 2878 prosequimur,
1293 2829 1563 2879 contingamus
1601 2834 1640 2866 et

54 2883 193 2916 mente.
252 2879 337 2917 Per.

641 2966 654 2980 *
678 2966 755 2996 Edd.
772 2966 834 2995 and
850 2966 1058 3006 MSS—jam.
