1979 3348
306 263 386 302 134
625 262 685 303 In
716 262 888 318 Valye'lz'a
912 262 1227 318 plurimorum
1247 263 1578 319 Apostolorum.

384 371 642 419 offertorium.

379 426 513 464 Gloria
544 431 584 464 et
612 428 758 464 honore
783 427 978 464 coronasti
1011 441 1126 465 eum:
1156 432 1196 465 et
1231 429 1471 466 constituisti
1503 444 1593 468 eum
1623 443 1739 480 super
1776 443 1890 480 opera

302 492 490 517 manuum
510 484 680 527 tuarum,
701 481 879 518 Domine.

381 533 409 570 I
410 548 436 570 n
450 539 611 584 tempore
630 534 822 579 Pasclzali,
843 534 1041 584 Alleluya.

382 587 544 626 Secreta.

378 641 554 691 Accepta
583 642 657 678 tibi
686 642 749 688 sit,
771 642 953 689 Domine,
974 643 1123 679 ‘nostrae
1153 643 1374 680 devotionis
1407 644 1584 692 oblati03
1614 650 1653 683 et
1685 646 1735 682 ad
1765 645 1891 682 sancti

298 695 464 744 apostoli
483 697 545 733 tui
564 696 614 739 N.
636 698 811 745 puriores
829 696 948 733 faciat
963 710 1032 733 nos
1051 698 1255 746 pervenire
1275 698 1590 736 sollemnitatem.
1649 699 1735 737 Per.

386 748 628 787 (Jonmmnz‘o.

381 803 529 853 Magna
553 808 612 840 est
635 804 759 853 gloria
777 805 860 853 ejus
879 804 921 840 in
946 804 1109 841 salutari
1133 809 1228 842 tuo:
1258 806 1423 855 gloriam
1450 810 1489 843 et
1510 820 1697 856 magnum
1717 807 1891 844 decorem

303 857 478 906 impones
498 871 614 907 super
633 871 733 903 eum,
752 859 932 895 Domine.

384 911 437 948 [η
457 917 618 960 tempore
636 911 830 959 Pasclcali,
853 911 1050 961 Alleluya.

383 965 704 1002 Postcommum'o.
811 972 815 976 ”

381 1018 541 1065 Praesta,
577 1020 701 1065 nobis,
736 1023 879 1056 :eterne
909 1020 1083 1069 largitor,
1119 1021 1202 1069 ejus
1236 1021 1382 1070 ubique
1422 1022 1487 1071 pia
1522 1021 1673 1071 protegi
1707 1021 1892 1066 oratione,

300 1073 412 1121 cujus
448 1073 631 1110 natalitia
668 1086 737 1122 per
772 1073 853 1110 haeo
890 1079 1023 1110 sancta
1059 1088 1144 1123 quae
1182 1077 1417 1124 sumpsimus
1455 1077 1594 1113 votivo
1632 1076 1895 1125 praevenimus

303 1127 496 1175 obsequio.
555 1127 634 1163 Per
654 1127 880 1164 Dominum.

662 1287 714 1324 ΙΝ
743 1287 914 1324 VIGILIA
939 1298 1207 1325 PLURIMORUM
1236 1287 1548 1325 APOSTOLORUM.

385 1341 573 1390 Offlczsszwo.

381 1396 513 1432 Intret
542 1396 584 1432 in
621 1400 831 1445 conspectu
865 1399 948 1441 tuo,
979 1396 1161 1442 Domine,
1193 1396 1363 1445 gemitus
1401 1396 1710 1445 compeditorum
1727 1409 1737 1443 3
1777 1397 1895 1434 redde

296 1450 436 1486 vicinis
455 1450 598 1486 nostris
617 1450 840 1499 septuplum
859 1450 902 1486 in
916 1450 1047 1486 sinum
1062 1463 1197 1487 eorum
1211 1464 1221 1497 3
1249 1450 1407 1486 vindica
1422 1451 1652 1500 sanguinem
1672 1454 1894 1488 sanctorum

299 1508 469 1551 tuorum,
492 1504 560 1553 qui
579 1504 723 1540 effusus
744 1508 813 1540 est.

379 1557 407 1593 I
406 1572 434 1594 η
454 1564 614 1606 tempore
633 1557 827 1604 Paschali,
849 1558 1047 1606 Alleluya‚
1069 1557 1248 1607 alleluya.

380 1611 574 1648 Psalsnms.

379 1666 500 1712 Deus,
519 1670 715 1702 venerunt
739 1669 874 1715 gentes
907 1666 950 1702 in
985 1665 1256 1702 haereditatem
1281 1669 1416 1702 tuam:
1445 1666 1676 1714 polluerunt
1706 1666 1897 1715 templum

299 1724 478 1756 sanctum
500 1725 613 1756 tuum
632 1733 638 1756 :
668 1724 882 1769 posuerunt
902 1719 1153 1756 Hierusalem
1172 1720 1214 1755 in
1234 1733 1441 1768 pomorum
1461 1720 1689 1757 custodiam.

387 1773 531 1810 Oratio.

381 1828 569 1874 Concede,
591 1840 824 1876 quaesumus‚
846 1827 1092 1877 omnipotens
1112 1827 1233 1873 Deus,
1257 1831 1303 1863 ut
1323 1828 1423 1864 sieut
1443 1827 1713 1876 apostolorum
1731 1831 1893 1864 tuorum

301 1882 352 1918 N.
375 1886 415 1918 et
434 1881 484 1918 N.
515 1881 697 1918 natalitia
715 1882 881 1931 gloriosa
901 1882 1170 1931 praevenimus,
1193 1881 1247 1917 sic
1276 1881 1323 1917 ad
1344 1886 1413 1917 tua
1433 1881 1619 1918 beneficia
1639 1882 1895 1930 promerenda

302 1936 543 1985 majestatem
564 1939 670 1972 tuan]
694 1949 763 1984 pro
783 1936 894 1972 nobis
915 1935 989 1984 ipsi
1007 1936 1258 1984 praeveniant.
1316 1935 1394 1971 Per
1413 1935 1640 1971 Dominum.

383 1989 509 2026 Lectio
529 1990 620 2027 libri
638 1989 847 2038 Sapientiae
862 1989 943 2040 (iii.
969 1989 1065 2039 1-8)

380 2043 409 2080 J
412 2048 589 2080 ustorum
626 2044 767 2080 animae
803 2043 846 2080 in
883 2056 1003 2080 manu
1037 2043 1113 2080 Dei
1146 2047 1240 2079 sunt
1273 2057 1392 2091 usqne
1425 2043 1478 2079 acl
1507 2046 1546 2079 et
1574 2043 1754 2092 regnavit
1787 2043 1896 2079 Deus

303 2098 460 2134 illorum
480 2098 523 2133 in
541 2102 782 2147 perpetuum.

383 2150 559 2188 Gradale.
618 2152 798 2197 Vindicta,
822 2151 1000 2196 Domine,
1026 2164 1151 2200 qzccere
1170 2151 1214 2187 in
1226 2150 1334 2187 Festo
1348 2151 1615 2199 plurimorzwn
1633 2157 1864 2199 martyrum.

379 2205 425 2243 Si
439 2205 795 2253 Dominiccoficere't‚
813 2205 1010 2254 Alleluya.
1079 2205 1115 2242 V.
1148 2205 1282 2241 Sancti
1296 2205 1370 2251 tui,
1386 2205 1567 2251 Domine,
1584 2205 1814 2241 benedicent
1832 2208 1872 2241 te
1888 2219 1895 2240 ς

303 2258 470 2308 gloriam
488 2260 598 2308 regni
617 2260 677 2296 tui
697 2260 837 2298 dicent.

381 2312 604 2351 Secumlmn
622 2313 657 2349 J
655 2313 843 2350 olumnam
862 2312 941 2363 (xv.
965 2312 1090 2363 5-11).

383 2367 435 2404 In
452 2368 520 2404 illo
542 2372 727 2417 tempore,
750 2367 872 2416 Dixit·
894 2367 918 2404 J
925 2380 1011 2404 esus
1030 2366 1230 2416 discipulis
1249 2367 1327 2403 suis
1340 2380 1351 2414 3
1383 2366 1466 2416 Ego
1486 2379 1572 2402 sum
1590 2365 1684 2402 vitis
1703 2378 1821 2414 usque
1840 2367 1892 2402 ad

303 2421 490 2470 gaudium
512 2426 684 2458 vestrum
703 2422 922 2470 impleatur.

384 2476 637 2522 Qffertorium.
696 2475 963 2512 Exsultabunt
981 2474 1116 2521 sancti,
1137 2475 1286 2522 require
1315 2475 1359 2511 in
1377 2474 1487 2511 Festo
1508 2473 1775 2522 plurimorum
1795 2486 1895 2510 mar-

305 2534 445 2576 tyrum.

383 2582 542 2619 Secreta.

383 2635 615 2673 Muneribus
652 2637 808 2683 nostris,
843 2636 1023 2683 Domine,
1058 2636 1319 2686 apostolorum
1352 2639 1509 2671 tuorum
1537 2634 1589 2671 N.
1623 2638 1662 2670 et
1695 2634 1761 2680 N„
1795 2633 1893 2671 festa

298 2690 576 2738 praecedimus3
624 2703 844 2739 quaesumus
890 2695 936 2727 ut
983 2704 1067 2740 quae
1115 2690 1358 2727 conscientiae
1406 2693 1547 2725 nostrae
1600 2687 1893 2737 praepediuntur

300 2744 519 2789 obstaculis,
540 2744 699 2780 illorum
718 2745 868 2780 meritis
887 2749 998 2794 grata
1017 2745 1237 2781 reddantur.
1298 2743 1382 2779 Per.

383 2797 621 2834 Communia
679 2798 707 2835 J
711 2803 886 2835 ustorum
906 2799 1055 2835 animae.

382 2851 698 2888 Postcommunio.

379 2905 555 2954 Sumpto,
588 2906 769 2951 Domine,
801 2909 1042 2942 sacramento
1080 2905 1308 2954 suppliciter
1345 2904 1609 2953 deprecamur,
1650 2906 1695 2939 ut
1732 2902 1893 2939 interce—

296 2958 479 2995 dentibus
508 2959 632 2995 beatis
659 2959 841 3008 apostolis
871 2960 951 2996 tuis
976 2959 1026 2996 N.
1045 2963 1096 2996 ‘et
1121 2960 1161 2996 N
1166 2989 1187 3006 .,
1214 2958 1316 3008 quod
1344 2957 1610 3007 temporaliter
1629 2956 1810 3006 gerimus,
1841 2955 1891 2992 ad

296 3012 419 3048 vitam
438 3013 634 3062 capiamus
654 3017 849 3050 aeternam.
908 3013 994 3050 Per.
