1979 3348
264 135 317 175 14
865 122 993 164 Festa
1020 119 1058 161 J
1055 115 1227 160 amastri
1237 115 1261 158 lv.

354 243 392 281 Γ.
425 239 563 278 Gratia
582 238 658 274 Die
678 237 719 273 in
739 248 800 272 me
819 246 942 270 vacua
960 244 1040 268 non
1057 229 1135 266 fuit
1156 242 1164 265 :
1194 226 1260 264 sed
1289 224 1417 275 gratia
1446 224 1530 273 ejus
1560 233 1710 270 semper
1732 219 1774 256 in
1794 230 1855 254 me

267 301 409 335 manet.

320 349 517 398 Alleluya.
584 345 622 383 V.
655 343 825 392 Magnus
862 339 1010 378 Paulus
1038 350 1106 374 vas
1134 333 1361 372 electionis:
1394 344 1485 368 vere
1513 329 1629 379 digne
1657 331 1716 364 est
1745 325 1859 376 glori-

268 404 452 444 ficandus.

348 455 592 506 Sequentia&

268 513 386 551 Dixit
407 510 614 553 Dominus,
635 505 699 542 Ex
720 504 849 540 Busan
869 503 1105 542 convertam,
1127 498 1351 533 convertam
1371 493 1413 530 in
1432 490 1669 541 profundum
1689 487 1817 525 maris.

271 566 387 613 Quod
406 565 510 602 dixit
530 568 568 599 et
588 560 679 597 fecit
696 573 703 595 :
735 557 897 594 Sauluni
917 558 956 591 et
976 551 1129 597 stravit,
1151 549 1320 586 Paulum
1339 552 1378 584 et
1399 545 1540 582 statuit

270 622 450 658 Verbum
470 630 582 655 suum
603 615 869 654 Incarnatum,
891 621 959 658 per
978 606 1081 655 quod
1101 604 1193 641 fecit
1212 606 1251 639 et
1270 601 1432 638 saecula:

272 675 387 721 Quod
406 673 500 709 dum
520 671 737 718 impugnat,
758 663 910 701 audivit
931 660 1082 706 Saulus,
1106 657 1222 695 Saule
1242 655 1336 706 quid
1355 667 1416 690 me
1436 649 1695 703 persequeris?

273 730 358 779 Ego
377 740 463 764 sum
482 725 509 762 J
513 736 600 761 esus
618 735 628 767 ;
655 721 796 756 durum
818 721 877 754 est
895 715 982 761 tibi,
1003 718 1050 750 ut
1071 711 1289 749 recalcitres
1308 708 1478 745 stimulo.

274 785 315 820 A
333 782 443 825 facie,
465 776 640 821 Domini,
661 777 768 811 mota
788 775 847 808 est
866 774 982 815 terra,
1003 765 1328 813 contremuitque,
1350 773 1519 810 moxque
1539 757 1699 808 quievit.

275 839 385 874 Dum
404 832 561 883 cognito
582 828 746 867 credidit
766 824 938 863 Domino
959 821 1116 866 Paulus,
1139 817 1319 869 persequi
1338 819 1461 853 cessat
1486 811 1814 850 Conchristianos.

277 891 377 929 Haec
396 889 531 937 lingua
549 888 710 921 tuorum
730 885 788 917 est
807 891 959 924 canum,
982 889 1032 913 ex
1050 873 1220 911 inimicis
1239 871 1392 908 rediens
1411 869 1459 905 ad
1477 872 1517 904 te
1537 867 1656 904 Deus,

277 945 378 982 Cum
399 941 544 979 Paulus
563 939 606 975 in
626 950 691 974 ore
711 934 886 971 omnium
905 934 1142 969 secretorum
1157 928 1249 975 jura
1267 925 1335 961 dat
1354 926 1646 973 praeceptorum,

278 1000 433 1036 Docens
453 993 685 1031 crucifixum
704 1002 785 1025 non
804 1000 885 1024 esse
904 985 1026 1022 alium
1045 986 1187 1032 praeter
1207 979 1409 1017 Christum
1429 977 1568 1014 Deum.

281 1053 382 1090 Cum
402 1051 522 1087 Patre
542 1046 610 1096 qui
628 1047 766 1094 regnat
785 1046 825 1078 et
845 1040 988 1077 Sancto
1009 1036 1170 1087 Spiritu,
1193 1034 1303 1082 cnjus
1321 1032 1432 1068 testis
1453 1029 1612 1073 Paulus,

280 1107 361 1143 Hic
381 1105 516 1153 lingua
535 1098 778 1137 sacerdotum
798 1107 904 1131 more
924 1092 1029 1130 canis
1057 1090 1151 1127 dum
1178 1086 1369 1138 perlinxit
1396 1084 1491 1133 legis
1510 1087 1550 1120 et
1570 1078 1762 1130 evangelii
1780 1077 1880 1114 duos

442 1156 606 1193 molares
626 1153 667 1189 in
688 1151 749 1187 his
769 1148 968 1191 contritos,

283 1212 457 1252 Corrosit
469 1209 671 1246 universas
683 1204 827 1254 species
839 1200 1131 1243 medicinarum,
1149 1195 1292 1246 quibus
1305 1195 1493 1231 curantur
1505 1188 1636 1235 saucii,
1651 1186 1884 1225 reficiuntur

445 1260 681 1302 enutriendi.

285 1321 400 1367 Quod
419 1319 581 1355 docente
601 1315 732 1351 Deum
750 1323 857 1348 mare
869 1307 971 1345 vidit
984 1310 1023 1343 et
1035 1304 1147 1354 fugit,
1162 1303 1190 1340 J
1194 1301 1350 1339 ordanis
1362 1310 1570 1337 conversus
1582 1299 1641 1333 est
1652 1299 1880 1332 retrorsum.

285 1375 388 1421 Quia
406 1372 524 1410 turba
541 1369 720 1419 gentium
739 1365 928 1402 vitiorum
942 1361 1095 1398 rediens
1108 1358 1154 1395 de
1168 1355 1373 1407 profundo,
1391 1354 1451 1403 Og
1465 1365 1554 1401 rege
1569 1351 1698 1387 Basan
1710 1346 1882 1391 conquO,

286 1430 340 1466 Te
369 1427 495 1465 solum
525 1424 662 1461 adorat
694 1419 850 1457 Christe
880 1419 1094 1454 creatorem
1125 1424 1241 1461 quem
1260 1414 1300 1447 et
1326 1407 1521 1458 cognoscit
1539 1406 1582 1442 in
1601 1416 1715 1442 carne
1733 1399 1884 1438 venisse

448 1479 731 1527 redemptorem
738 1504 745 1510 .

380 1546 441 1584 Vel
459 1545 616 1583 dicaam·
634 1542 711 1578 ista
730 1536 946 1587 Sequentia.

505 1596 639 1635 Sancti
660 1594 773 1631 Pauli
793 1589 994 1628 conversio
1014 1587 1154 1624 devote
1173 1589 1231 1622 est
1250 1581 1463 1627 recolenda,

507 1653 634 1697 Quem
653 1647 848 1685 Dominus
866 1647 979 1681 tanta
998 1641 1143 1678 ditavit
1160 1638 1298 1688 gratia,

507 1706 569 1744 Ut
589 1704 724 1740 doctor
742 1699 919 1750 gentium
939 1698 987 1734 ab
1011 1695 1119 1732 omni
1136 1696 1297 1729 vocetur
1316 1689 1488 1727 Ecclesia
1506 1702 1514 1724 ;

507 1760 650 1809 Agnus
670 1757 716 1793 de
735 1755 827 1804 lupo
847 1767 855 1790 :
884 1753 930 1789 de
950 1753 1195 1800 persecutore
1212 1743 1474 1793 Evangelista.

509 1814 669 1851 Mutata
688 1813 780 1846 sunt
800 1820 926 1857 opera,
947 1807 1125 1841 mutatur
1144 1805 1183 1837 et
1202 1812 1342 1837 onoma
1360 1812 1368 1835 ε
1397 1796 1544 1834 Paulus
1566 1792 1804 1838 nominatur,
1823 1789 1891 1840 qui

674 1863 815 1901 Saulus
834 1865 926 1898 ante
946 1859 1074 1895 dietus
1092 1856 1229 1892 fuerat.

512 1920 731 1969 Instigatus
749 1916 852 1952 furia
867 1914 997 1950 dirum
1012 1911 1121 1948 virus
1140 1909 1293 1946 efflabat
1308 1920 1316 1944 z
1346 1909 1473 1954 strage
1489 1901 1699 1940 saevissima
1717 1898 1893 1936 membra

676 1970 825 2009 Christi
844 1968 1006 2006 saeviens
1026 1964 1243 2013 torquebat.

514 2030 606 2066 Lux
626 2029 794 2064 aetherea
813 2035 929 2072 quem
948 2017 1248 2066 circumfulgens
1262 2015 1350 2052 visu
1368 2012 1514 2063 privat,

514 2080 770 2132 Spiritualem
790 2077 855 2114 sed
875 2076 911 2113 ei
929 2074 1121 2112 intuitum
1140 2072 1261 2108 donat
1282 2083 1290 2106 ι

515 2135 742 2185 Colaphizat
762 2145 810 2168 ne
830 2129 1029 2180 superbiat
1048 2141 1055 2164 z
1084 2125 1225 2163 sternit
1244 2136 1344 2168 eum,
1367 2121 1434 2158 sed
1451 2122 1629 2157 ruentem
1648 2116 1797 2154 relevat
1814 2128 1822 2151 ε

514 2191 724 2240 Dejectum
742 2187 918 2234 increpat
937 2198 944 2220 :
972 2183 1177 2230 increpans
1196 2177 1377 2216 emendat
1396 2190 1404 2213 ;

516 2244 629 2282 Fidei
648 2240 867 2279 doctrinam
886 2235 1131 2275 commendat
1147 2247 1154 2270 :

517 2298 773 2337 Defensorem
793 2292 973 2330 Ecclesiae
994 2289 1161 2333 ordinat,

517 2354 779 2402 Impugnator
797 2347 866 2397 qui
884 2346 993 2396 prius
1013 2343 1218 2381 exstiterat
1236 2354 1243 2377 :

520 2408 677 2444 Secreta
695 2402 861 2452 mystica

521 2458 708 2498 Credenti
726 2455 885 2501 revelat,

522 2515 618 2560 Quae
639 2510 789 2548 homini
807 2507 917 2558 loqui
934 2519 1015 2543 non
1034 2504 1186 2541 licebat.

522 2568 640 2605 Prius
660 2576 855 2615 synagoga
874 2574 990 2611 quem
1010 2558 1252 2602 educaverat,

524 2619 798 2659 Post-modum
816 2618 973 2654 laetatur
992 2616 1118 2650 mater
1137 2608 1319 2647 Ecclesia.

525 2673 718 2725 Mysteria

527 2731 624 2775 Quae
643 2728 819 2770 noverat,

527 2785 604 2822 Per
622 2785 753 2819 totum
771 2780 855 2816 iens
875 2777 1005 2814 orbem
1024 2773 1220 2825 praedicat.

644 2890 659 2904 *
682 2887 777 2918 MSS.
794 2886 822 2916 D
838 2885 901 2916 and
915 2884 941 2914 F
958 2882 1035 2913 omit
1050 2881 1102 2912 the
1117 2880 1188 2910 first
1204 2877 1236 2908 of
1250 2877 1338 2907 these
1354 2875 1543 2913 Sequeuces.
