1979 3348
419 262 482 303 In
502 261 664 304 Natali
684 261 828 303 unius
852 261 1117 317 Cooifessoris
1137 265 1175 303 et
1194 260 1441 317 Pontifici&
1647 266 1727 305 149

223 373 348 410 Lectio
369 372 457 409 libri
475 372 683 421 Sapientiae
702 372 870 423 (Ecclus.
893 372 981 409 xliv.
1004 377 1037 409 et
1055 371 1154 423 xlv.)

224 426 322 463 Ecce
341 427 515 463 sacerdos
534 440 709 476 magnus,
730 427 798 475 qui
817 427 858 462 in
878 427 1013 463 diebus
1039 426 1119 462 suis
1138 425 1285 475 placuit
1306 426 1390 462 Deo
1410 430 1449 462 et
1467 426 1652 463 inventus
1671 432 1729 463 est

139 481 282 529 justus.
351 479 405 516 Et
437 480 479 516 in
510 484 684 529 tempore
717 480 938 525 iracundiae,
969 480 1094 516 factus
1113 484 1172 516 est
1201 479 1474 517 reconciliatio.
1546 480 1639 516 Non
1669 484 1728 517 est

144 534 329 570 inventus
357 534 496 570 similis
524 534 595 580 illi,
618 534 686 582 qui
705 538 952 570 conservaret
980 533 1103 583 legem
1137 533 1300 570 Excelsi.
1352 533 1447 570 Ideo
1469 534 1727 583 jurejurando

143 587 235 624 fecit
253 587 367 623 illum
397 587 592 624 Dominus
618 600 783 624 crescere
802 587 845 623 in
863 587 1016 636 plebem
1043 600 1163 623 suam.
1213 587 1533 624 Benedictionem
1552 588 1728 624 omnium

142 641 319 689 gentium
339 641 447 677 dedit
464 641 536 687 illi,
557 646 597 677 et
616 645 898 677 testamentum
926 654 1041 677 81111111
1069 641 1315 677 confirmavit
1343 654 1458 690 super
1486 645 1604 690 caput
1632 641 1725 689 ejus,

144 694 338 743 Cognovit
368 708 457 731 eum
489 695 531 730 in
561 694 909 739 benedictionibus,
942 694 1021 730 suis
1050 695 1297 731 conservavit
1327 694 1388 730 1111
1424 695 1728 732 misericordiam

143 761 264 793 suam,
294 753 334 785 et
362 748 515 784 invenit
543 749 710 797 gratiam
744 761 872 784 coram
899 748 1021 784 oculis
1040 748 1213 784 Domini.
1285 747 1557 797 Magnificavit
1577 761 1667 785 eum
1686 749 1728 784 in

143 806 350 851 conspectu
369 815 505 851 regum
518 815 528 847 3
548 806 587 838 et
607 801 714 837 dedit
733 801 792 837 illi
805 814 985 837 coronam
997 801 1140 850 gloriae.
1199 802 1350 838 Statuit
1369 802 1429 838 illi
1446 806 1727 839 testamentum

142 856 433 904 sempiternum,
454 860 494 892 et
513 855 621 892 dedit
645 855 705 891 illi
728 855 987 891 sacerdotium
1006 868 1204 904 magnum,
1227 860 1266 891 et
1286 855 1526 892 beatificavit
1544 856 1657 892 illum
1684 856 1727 892 in

142 909 273 958 gloria.
332 909 463 958 Fungi
494 909 718 954 sacerdotio,
741 912 780 944 et
800 908 940 945 habere
960 909 1116 945 laudem
1135 909 1178 945 in
1197 909 1357 945 nomine
1376 909 1510 958 ipsius,
1533 914 1573 947 et
1593 909 1729 947 offerre

142 962 203 998 illi
220 962 422 999 incensum
442 963 605 1011 dignum
624 962 667 998 in
686 962 843 998 odorem
862 962 1080 999 suavitatis.

218 1016 345 1053 Lectio
365 1016 454 1052 libri
472 1016 680 1064 Sapienticc
699 1015 870 1064 (Ecclus.
891 1016 961 1052 mlv.
984 1016 1088 1052 mlvii.
1109 1016 1230 1052 xlviii.
1254 1022 1288 1053 et
1306 1016 1425 1065 aaliz.)

217 1069 316 1107 Ecce
348 1070 522 1106 sacerdos
551 1082 725 1119 magnus,
747 1070 816 1118 qui
845 1070 888 1105 in
921 1070 1057 1106 diebus
1089 1070 1169 1106 suis
1196 1070 1343 1119 placuit
1371 1071 1456 1107 Deo
1485 1070 1620 1117 Israel,
1642 1071 1729 1107 ideo

137 1123 279 1159 statuit
312 1124 360 1160 ad
389 1124 502 1160 illum
534 1127 815 1160 testamentum
847 1124 964 1172 pacis,
994 1128 1040 1160 ut
1073 1123 1125 1160 sit
1154 1124 1215 1160 illi
1247 1124 1453 1161 sacerdotii
1482 1125 1654 1173 dignitas
1687 1125 1729 1161 111

136 1180 335 1214 aeternum.
394 1177 600 1214 Invocavit
630 1177 846 1213 Dominum
875 1178 1192 1226 omnipotentem,
1213 1181 1253 1214 et
1281 1178 1388 1215 dedit
1406 1179 1449 1214 in
1468 1178 1628 1215 dextera
1648 1178 1730 1227 ejus

135 1231 301 1268 tolerare
320 1232 518 1267 hominem
537 1231 678 1268 fortem
697 1232 739 1267 in
759 1231 871 1276 bello,
895 1237 933 1268 et
954 1232 1127 1268 exaltare
1155 1245 1274 1268 cornu
1302 1233 1429 1281 gentis
1449 1245 1537 1269 suae.
1596 1232 1647 1268 In
1666 1232 1728 1269 die

134 1297 204 1321 suo
232 1298 311 1321 non
331 1285 534 1334 pertimuit
552 1285 779 1334 principem,
801 1289 840 1321 et
860 1286 901 1321 in
920 1286 1098 1334 potentia
1117 1299 1229 1321 nemo
1249 1286 1346 1322 vicit
1365 1286 1490 1331 illum,
1506 1299 1576 1322 nec
1595 1299 1727 1336 super-

135 1339 219 1375 avit
248 1339 360 1375 illum
390 1340 552 1375 verbum
582 1339 751 1388 aliquod,
772 1343 812 1375 et
842 1343 1040 1375 mortuum
1070 1339 1320 1388 prophetavit
1351 1353 1489 1390 corpus
1522 1341 1616 1389 ejus,
1676 1340 1726 1376 In

136 1392 220 1428 vita
238 1406 308 1429 sua
326 1392 418 1429 fecit
437 1397 622 1438 monstra,
644 1397 683 1429 et
702 1392 744 1428 in
771 1397 897 1429 morte
926 1397 1106 1441 operatus
1126 1397 1184 1429 est
1204 1393 1406 1430 mirabilia.
1467 1394 1517 1430 In
1537 1394 1644 1430 omni
1663 1407 1729 1430 ore

138 1446 249 1494 quasi
282 1447 358 1482 mel
391 1446 658 1483 indulcabitur
690 1447 774 1495 ejus
807 1447 1003 1493 memoria,
1026 1451 1065 1483 et
1098 1451 1143 1483 ut
1172 1447 1320 1484 musica
1352 1447 1394 1483 in
1423 1448 1602 1484 convivio
1631 1447 1726 1484 vini.

137 1499 229 1549 Ipse
248 1504 306 1536 est
325 1500 494 1536 directus
524 1501 715 1537 divinitus
744 1501 786 1536 111
816 1501 1046 1549 paenitentia
1075 1501 1211 1550 gentis,
1241 1505 1280 1537 et
1308 1501 1403 1537 tulit
1422 1501 1729 1538 abominationes

137 1553 351 1603 impietatis
366 1567 376 1600 3
396 1559 435 1590 et
453 1555 687 1603 gubernavit
706 1554 755 1590 ad
775 1554 991 1590 Dominum
1021 1567 1085 1591 cor
1114 1555 1246 1603 ipsius.
1305 1555 1359 1591 Et
1378 1555 1420 1591 in
1439 1555 1575 1591 diebus
1602 1568 1730 1605 pecca—

136 1611 266 1643 torum
285 1608 547 1644 corroboravit
560 1608 756 1656 pietatem,
771 1608 886 1644 homo
901 1608 1077 1657 princeps
1090 1608 1269 1653 fratrum,
1283 1608 1569 1645 firmamentum
1586 1609 1725 1656 gentis,

136 1661 449 1697 stabilimentum
482 1662 627 1710 populi,
650 1666 776 1698 rector
806 1661 983 1698 fratrum.
1042 1662 1188 1698 Beatus
1221 1662 1291 1711 qui
1323 1663 1367 1698 in
1397 1663 1483 1699 istis
1510 1663 1731 1699 versabitur

135 1715 274 1752 bonis:
308 1715 377 1763 qui
394 1715 508 1763 ponit
539 1715 607 1751 illa
639 1715 682 1751 in
702 1715 814 1752 corde
834 1729 915 1759 suo,
937 1715 1090 1765 sapiens
1118 1716 1194 1752 erit
1222 1729 1381 1765 semper.
1442 1716 1484 1753 Si
1512 1717 1616 1753 enim
1646 1717 1728 1753 haec

136 1768 282 1815 fecerit,
305 1769 354 1804 ad
373 1769 505 1805 omnia
523 1769 681 1815 valebit,
704 1770 796 1818 quia
816 1769 886 1805 lux
906 1770 982 1806 Dei
1002 1770 1211 1819 vestigium
1231 1771 1314 1819 ejus
1334 1775 1401 1807 est.

215 1821 343 1859 Lectio
363 1822 453 1859 libri
471 1822 679 1871 ›S'ccpientice
697 1823 871 1869 (Ecclus.
894 1824 915 1860 l.
941 1825 974 1869 4,
1000 1823 1033 1869 1,
1056 1825 1092 1869 5,
1115 1824 1216 1869 6-12,
1242 1825 1302 1869 15,
1325 1824 1410 1874 23).

217 1876 317 1913 Ecce
353 1877 528 1913 sacerdos
564 1890 729 1926 magnus
766 1877 835 1926 qui
871 1878 913 1913 in
945 1878 1029 1914 vita
1066 1891 1136 1914 sua
1172 1879 1326 1915 curavit
1357 1882 1513 1928 gentem
1546 1891 1669 1925 suam,
1690 1883 1730 1915 et

135 1930 319 1967 liberavit
346 1944 431 1967 eam
463 1944 486 1967 a
518 1931 746 1980 perditione.
812 1931 891 1976 Qui
928 1931 1097 1968 suffulsit
1129 1932 1298 1978 domum,
1332 1936 1372 1968 et
1403 1933 1445 1968 in
1477 1933 1613 1969 diebus
1650 1933 1730 1969 suis

136 1984 402 2021 corroboravit
447 1986 647 2033 templum.
727 1985 805 2029 Qui
850 1986 1057 2033 praevaluit
1101 1986 1340 2034 amplificare
1386 1986 1588 2023 civitatem
1606 2000 1613 2023 ε
1661 1987 1730 2035 qui

135 2038 299 2087 adeptus
331 2042 391 2075 est
421 2039 585 2087 gloriam
615 2039 657 2074 in
690 2039 939 2076 conversione
971 2039 1108 2088 gentis.
1169 2039 1290 2084 Quasi
1318 2041 1431 2076 stella
1462 2041 1660 2077 matutina
1686 2041 1730 2076 in

136 2093 262 2128 medio
294 2092 458 2138 nebulae,
481 2096 520 2129 et
553 2093 664 2141 quasi
692 2093 786 2128 luna
818 2093 933 2141 plena
962 2093 1005 2129 in
1038 2093 1174 2130 diebus
1207 2093 1287 2129 suis
1319 2093 1433 2140 lucet,
1465 2098 1505 2130 et
1533 2095 1645 2144 quasi
1673 2095 1729 2131 sol

134 2146 341 2194 refulgens,
363 2146 417 2182 sic
446 2146 512 2182 1116
543 2147 688 2183 effulsit
720 2147 763 2182 111
792 2147 938 2195 templo
968 2147 1054 2184 Dei.
1114 2147 1235 2192 Quasi
1262 2160 1374 2184 arcus
1401 2148 1597 2196 refulgens
1624 2148 1730 2185 inter

135 2200 298 2236 nebulas
317 2200 461 2248 gloriae,
482 2204 522 2236 et
541 2201 652 2249 quasi
671 2200 741 2236 flos
770 2214 946 2236 rosarum
974 2200 1016 2236 in
1044 2201 1180 2237 diebus
1198 2201 1339 2239 vernis.
1399 2201 1520 2246 Quasi
1539 2202 1624 2238 lilia
1643 2215 1728 2251 quae

136 2257 228 2290 sunt
248 2254 290 2289 in
308 2254 481 2290 transitu
509 2267 630 2303 aquae,
651 2258 690 2290 et
718 2254 830 2303 quasi
858 2254 950 2290 thus
978 2254 1155 2291 redolens
1174 2255 1217 2290 in
1237 2256 1373 2291 diebus
1393 2256 1551 2293 aestatis.
1607 2256 1729 2300 Quasi

136 2308 239 2357 ignis
258 2307 445 2356 effulgens
474 2312 514 2344 et
543 2308 636 2344 thus
666 2308 804 2344 ardens
835 2308 877 2343 111
907 2308 1008 2357 igne,
1030 2308 1141 2357 quasi
1158 2321 1227 2345 vas
1246 2309 1333 2345 auri
1360 2309 1524 2345 solidum
1545 2314 1728 2346 ornatum

136 2361 244 2398 omni
262 2362 391 2410 lapide
410 2361 589 2410 pretioso.
648 2362 770 2406 Quasi
789 2362 890 2398 oliva
910 2362 1120 2410 pullulans,
1140 2366 1180 2399 et
1199 2376 1397 2412 cypressus
1415 2363 1457 2399 in
1477 2363 1729 2401 altitudinem

137 2428 176 2452 se
196 2415 398 2461 extollens,
420 2416 462 2451 in
482 2415 704 2464 accipiendo
734 2416 847 2451 illum
879 2416 1017 2452 stolam
1048 2416 1178 2465 gloriae
1193 2430 1202 2463 3
1232 2420 1271 2453 et
1290 2417 1426 2453 vestiri
1455 2430 1545 2454 eum
1572 2418 1615 2454 in
1643 2432 1729 2455 con-

137 2470 437 2506 summationem
449 2470 618 2506 virtutis.
676 2470 728 2506 In
743 2483 902 2506 ascensu
917 2470 1052 2506 altaris
1067 2471 1192 2507 sancti
1206 2471 1369 2520 gloriam
1382 2471 1490 2508 dedit
1509 2472 1730 2509 sanctitatis

137 2523 335 2561 amictum.
399 2523 449 2559 In
487 2524 710 2573 accipiendo
741 2528 872 2560 autem
902 2528 1032 2572 partes
1065 2525 1113 2561 de
1141 2538 1261 2561 manu
1291 2525 1545 2571 sacerdotum,
1578 2530 1618 2562 et
1646 2526 1729 2575 ipse

138 2581 244 2613 stans
268 2578 389 2626 juxta
414 2590 522 2613 aram
551 2577 726 2626 porrexit
755 2591 914 2613 manum
945 2591 1054 2613 suam
1073 2578 1115 2614 in
1134 2578 1332 2625 libatione,
1354 2583 1393 2616 et
1412 2579 1553 2616 libavit
1572 2580 1728 2616 odorem

138 2630 316 2667 divinum
335 2632 485 2668 excelso
504 2631 680 2681 principi.
739 2632 792 2668 Et
811 2632 970 2668 iteravit
988 2632 1205 2669 orationem
1230 2646 1352 2678 suam,
1373 2633 1506 2670 volens
1525 2634 1727 2671 ostendere

138 2685 326 2721 virtutem
346 2685 434 2732 Dei,
455 2686 523 2734 qui
551 2685 642 2722 fecit
669 2685 871 2722 nobiscum
905 2686 1116 2722 secundum
1148 2699 1258 2723 suam
1277 2687 1591 2724 misericordiam.
1650 2688 1729 2732 Qui

137 2738 203 2774 det
231 2739 343 2775 nobis
366 2739 655 2788 jocunditatem
684 2739 820 2786 cordis,
843 2743 883 2776 et
901 2739 986 2776 fieri
1003 2753 1136 2789 pacem
1155 2741 1198 2777 in
1216 2741 1353 2778 diebus
1381 2741 1524 2778 nostris
1543 2742 1586 2778 in
1605 2741 1729 2778 Israel

139 2804 207 2840 per
224 2792 306 2829 dies
325 2793 590 2842 sempiternos,

217 2844 281 2882 Ad
300 2845 480 2884 Hebrceos
498 2846 552 2896 (v.
580 2846 680 2897 1-6).

215 2899 372 2937 Fratres
388 2915 394 2937 :
425 2901 563 2938 Omnis
582 2901 761 2950 pontifex
778 2914 897 2949 usque
916 2901 970 2937 ad
989 2901 1284 2940 Melchisedech.

218 2953 343 2990 Lectio
364 2955 452 2991 libri
470 2954 681 3004 Sapientiae
700 2954 870 3003 (Eccliis.
891 2955 995 2992 mlvii.
1019 2955 1146 3005 9-13).

218 3006 340 3043 Dedit
354 3008 548 3045 Dominus
567 3008 846 3046 consessionem
865 3013 997 3046 sancto
1013 3022 1082 3046 suo
1098 3009 1262 3047 Excelso
1281 3009 1324 3046 in
1344 3009 1453 3047 vobis
1473 3009 1616 3059 gloriae.
1665 3010 1727 3047 De
