1979 3348
253 268 334 308 168
729 264 780 305 M
786 263 871 305 issa
897 277 982 319 pro
1013 262 1356 304 anbMaribus.

333 385 464 422 (¹0me
473 399 494 421 a
501 399 523 421 n
531 385 575 421 ιὀ.

329 439 471 484 Amen,
492 439 577 475 dico
606 438 741 474 vobis:
770 436 956 487 quicquid
976 440 1131 473 orantes
1157 435 1302 485 petitis,
1326 436 1470 472 credite
1503 436 1596 485 quia
1623 437 1844 487 accipietis:

248 497 289 529 ct
306 492 375 529 fiet
395 493 514 529 vobis.

328 554 498 591 Postcom
507 568 569 590 ma(
577 554 650 591 nio.

328 608 544 653 Sumentes,
568 607 749 652 Domine,
785 610 981 655 perpetuae
1011 609 1252 641 sacramenta
1285 604 1432 649 salutis,
1458 609 1563 641 tuam
1592 606 1844 655 deprecamur

244 662 502 706 clementiam,
524 667 569 698 ut
589 674 659 710 per
679 674 723 698 ea
742 661 934 697 famulum
955 664 1068 696 tuum
1088 659 1153 705 N.‚
1176 659 1224 694 ab
1245 658 1351 694 omni
1379 659 1616 696 adversitate
1635 661 1839 697 custodias.

248 715 335 753 Per,

752 845 887 881 MIssA
916 855 993 880 PRO
1023 843 1335 879 FAMILIARIBUS.

325 900 511 948 Qfficz'mn.

320 954 433 991 Salus
470 953 606 1002 populi
644 966 713 1002 ego
746 966 842 999 sum,
872 952 968 988 dicit
995 951 1213 997 Dominus,
1252 950 1299 986 de
1330 963 1561 999 quacunque
1589 950 1843 987 tribulatione

237 1008 493 1045 clamaverint
513 1007 562 1044 ad
581 1020 653 1052 me,
675 1006 884 1043 exaudiam
904 1019 979 1051 eos,
997 1009 1036 1041 et
1056 1018 1121 1041 ero
1140 1005 1299 1041 illorum
1320 1004 1515 1040 Dominus
1535 1004 1577 1040 111
1597 1009 1838 1054 perpetuum.

318 1069 346 1106 I
345 1084 371 1107 η
392 1076 553 1119 tempore
572 1068 767 1114 Pasclzali,
789 1067 985 1116 Alleluya,
1007 1066 1184 1116 alleluya.

320 1132 512 1169 Psalmus.

315 1186 527 1222 Attendite
547 1185 688 1234 popule
709 1197 819 1221 meus
838 1184 962 1233 legem
982 1196 1109 1219 meam
1129 1196 1135 1218 :
1166 1181 1312 1218 inclina
1327 1195 1456 1218 aurem
1479 1187 1651 1219 vestram
1669 1182 1712 1218 in
1725 1183 1842 1219 verba

242 1240 318 1276 oris
338 1240 426 1278 mei.

322 1301 469 1338 Oratio.

312 1355 433 1398 Deus,
466 1354 534 1404 qui
554 1354 729 1390 caritatis
749 1354 852 1389 dona
885 1365 954 1402 per
987 1352 1155 1402 gratiam
1177 1351 1312 1388 Sancti
1344 1351 1515 1400 Spiritus
1544 1357 1705 1388 tuorum
1725 1352 1840 1388 corda

233 1409 406 1446 fidelium
436 1408 630 1451 infudisti,
662 1408 712 1444 da
744 1406 903 1443 famulis
933 1407 1013 1442 tuis
1043 1410 1082 1442 et
1114 1406 1336 1442 famulabus
1366 1406 1446 1441 tuis
1476 1418 1546 1454 pro
1567 1406 1709 1454 quibus
1728 1409 1837 1442 tuam

231 1463 486 1512 deprecamur
505 1461 764 1507 clementiam,
785 1461 951 1497 salutem
983 1460 1127 1497 mentis
1156 1464 1195 1496 et
1225 1459 1407 1508 corporis,
1430 1465 1476 1495 ut
1507 1464 1547 1495 te
1578 1464 1660 1496 tota
1687 1459 1837 1497 Virtute

231 1517 407 1566 diligant,
427 1521 466 1553 et
481 1530 566 1565 quae
580 1516 654 1552 tibi
669 1515 811 1565 placita
827 1519 920 1551 sunt
935 1518 1019 1551 tota
1035 1514 1242 1551 dilectione
1256 1513 1469 1563 perficiant.
1516 1513 1594 1549 Per
1607 1513 1832 1551 Dominum.

234 1571 284 1608 In
306 1571 458 1608 unitate
478 1572 510 1619 ej
518 1570 663 1607 usdem.

310 1637 436 1674 Lectio
457 1636 546 1673 libri
565 1635 767 1684 ›S'apicszticc
783 1635 955 1684 (Eva-las.
977 1635 1103 1670 amori.
1131 1633 1255 1681 l-lO).

310 1691 499 1728 Miserere
518 1689 644 1726 nostri
664 1702 783 1737 usque
803 1690 856 1725 ml
876 1688 1073 1724 mirabilia
1093 1692 1173 1733 tua,
1197 1687 1367 1724 Domine
1388 1687 1496 1724 Deus
1516 1691 1658 1724 noster.

315 1752 494 1790 Gradale.

311 1807 512 1856 Propitius
542 1810 638 1852 esto,
660 1805 843 1851 Domine,
879 1802 1216 1854 peccatisnostris
1240 1817 1246 1839 :
1276 1816 1403 1852 neque
1424 1803 1556 1840 dicant
1588 1807 1736 1853 gentes,
1767 1805 1835 1840 ubi

232 1865 290 1898 cst
311 1861 418 1898 Deus
438 1874 582 1897 eorum.

235 1915 268 1951 V.
301 1915 464 1963 Adjuva
482 1928 563 1961 nos,
587 1913 696 1949 Deus
715 1912 1066 1949 salut21¹1·is110ste1‘:
1097 1916 1136 1947 et
1165 1915 1325 1960 propter
1352 1911 1541 1948 honorem
1567 1911 1738 1948 nominis
1757 1913 1829 1958 tui,

235 1969 415 2014 Domine,
437 1969 559 2005 libera
578 1980 658 2004 nos.

305 2023 502 2071 Alleluya.
588 2021 624 2058 V.
676 2020 848 2057 Ostende
885 2019 1009 2065 nobis,
1050 2019 1231 2064 Domine,
1271 2019 1576 2055 misericordiam
1613 2024 1722 2055 tuam
1741 2034 1747 2056 :
1791 2025 1830 2057 et

230 2077 401 2113 salutare
420 2081 535 2113 tuum
555 2076 605 2111 da
619 2075 741 2111 nobis.

304 2131 501 2180 Alleluya.
578 2129 615 2166 V.
649 2129 727 2172 Qui
765 2131 877 2164 sanat
915 2127 1103 2163 contritos
1141 2126 1276 2163 corde:
1321 2131 1359 2163 et
1397 2126 1533 2176 alligat
1572 2127 1828 2164 contritiones

229 2198 373 2221 corum.

305 2246 527 2284 ,S'ecundmn
546 2245 731 2282 Alorcum
750 2244 841 2294 (arii.
866 2242 1024 2292 4144).

299 2301 350 2337 Iu
369 2301 437 2337 illo
457 2304 643 2349 tempore,
662 2298 807 2336 Sedens
826 2298 853 2335 J
857 2311 944 2334 esus
964 2301 1100 2333 contra
1111 2295 1438 2346 'gazophylacium
1464 2310 1583 2345 usque
1603 2298 1656 2333 ad
1676 2297 1825 2334 victum

215 2368 339 2391 suum.

298 2418 558 2466 Qffertorz'nmn.
619 2417 787 2466 Sperent
806 2417 847 2452 in
868 2421 918 2463 te,
937 2422 983 2451 vt
1003 2428 1133 2464 snpra.

295 2492 456 2527 Secreta.

292 2545 493 2590 BIiserere,
516 2557 752 2593 qiuesumus,
777 2543 958 2588 Domine,
981 2542 1139 2578 famulis
1159 2547 1198 2578 et
1227 2542 1447 2578 famulabus
1468 2542 1557 2589 tuis,
1580 2555 1649 2591 pro
1679 2543 1820 2591 quibus

218 2600 289 2635 1100
327 2598 559 2634 sacrificium
597 2598 723 2634 laudis
762 2601 839 2633 tuae
879 2597 1078 2632 offerimus
1117 2597 1344 2645 majestati:
1382 2602 1426 2632 ut
1464 2609 1532 2645 per
1569 2596 1650 2632 haec
1688 2601 1824 2634 sancta

216 2665 393 2701 supernae
414 2652 697 2688 benedictionis
716 2651 884 2701 gratiam
904 2650 1123 2697 obtineant,
1145 2656 1185 2687 et
1205 2650 1253 2699 gh
1273 2650 1370 2686 riam
1391 2654 1546 2686 aeternae
1566 2650 1825 2688 beatitudinis

217 2707 432 2756 acquirant.
494 2705 579 2743 Per.

296 2779 538 2817 Communia
598 2779 740 2824 Amen,
764 2778 862 2824 dico,
884 2783 927 2813 ut
947 2790 1077 2825 snpra.

294 2851 616 2889 Posffeomm'nnio.

287 2907 435 2942 Divina
450 2906 618 2941 libantes
637 2905 835 2952 mysteria,
859 2917 1094 2953 quaesumus,
1113 2902 1295 2947 Domine,
1316 2906 1362 2938 ut
1383 2901 1463 2938 haeo
1483 2901 1671 2939 salutaria
1691 2916 1812 2939 sacra-

211 2964 341 2997 menta
359 2960 437 2996 illis
455 2959 663 3008 proficiant
682 2959 731 2994 ad
751 2959 1050 3007 prosperitatem
1071 2961 1110 2994 et
1124 2969 1268 3006 pacem,
1290 2969 1360 3005 pro
1381 2969 1548 3004 quorum
1568 2970 1812 3006 quarumque

207 3014 414 3051 dilectione
435 3014 514 3050 haec
534 3017 612 3049 tuae
633 3012 851 3049 obtulimus
872 3012 1078 3061 majestati.
1139 3010 1215 3046 Per
1234 3009 1461 3046 Dominum.
