1979 3348
639 183 872 226 Orationes
906 183 1179 224 Communes.
1629 182 1711 226 179

599 322 669 359 ΑΙ)
698 332 934 359 POSCENDAM
964 321 1214 358 CARITATEM.

197 376 339 414 Oratio.

193 430 311 475 Deus,
350 429 419 479 qui
454 429 740 478 plenitudinem
778 429 1051 466 mandatorum
1089 432 1249 464 tuorum
1287 427 1329 462 in
1360 431 1429 463 tua
1459 426 1706 476 proximique

112 483 317 520 dilectione
348 483 543 530 sanxisti3
570 483 669 519 hane
694 483 807 519 nobis
843 483 1010 532 gratiam
1047 482 1188 531 largire
1224 481 1429 530 propitiuS,
1464 485 1510 516 ut
1538 481 1630 529 quia
1667 482 1707 517 in

112 537 247 573 multis
278 537 522 583 offendimus,
557 541 626 573 tua
659 537 799 573 caritas
836 536 1009 572 abundet
1046 536 1088 571 in
1126 535 1249 580 nobis,
1290 547 1358 583 per
1395 547 1511 582 quam
1551 539 1707 582 peccata

112 591 363 627 mundantur.
422 590 498 627 Per
518 590 743 627 Dominum.

191 644 349 682 Secreta.

192 698 312 744 Deus,
335 697 403 747 qui
421 711 492 734 nos
511 698 560 734 ad
590 697 796 746 imaginem
830 700 940 733 tuam
968 696 1221 732 sacramentis
1249 695 1412 731 instruis
1435 699 1474 732 et
1492 695 1708 745 praeceptis,

110 751 250 801 perfice
268 765 420 801 gressus
444 755 598 788 nostros
622 752 663 787 in
684 751 832 787 semitis
856 750 948 794 tuis,
970 754 1017 786 ut
1036 750 1212 786 caritatis
1237 749 1396 793 donum,
1418 749 1522 797 quod
1541 749 1669 786 fecisti
1687 763 1710 786 a

110 805 223 842 nobis
243 805 400 854 sperari,
421 818 489 854 per
508 805 588 841 haec
621 817 707 853 quae
740 804 937 840 offerimus
970 803 1158 840 sacrificia
1188 803 1305 840 facias
1324 803 1574 851 apprehendi.
1634 804 1710 841 Per

112 858 338 895 Dominum.

192 913 400 949 Postcomm
410 926 460 947 am
467 912 509 947 io.

192 966 310 1012 Deus,
333 966 401 1014 qui
434 965 687 1009 diligentibus
706 969 745 1000 te
775 964 869 1001 facis
899 968 1039 1001 cuncta
1064 965 1255 1013 prodesse,
1277 965 1326 1002 da
1354 965 1535 1001 cordibus
1563 964 1708 1001 nostris

109 1032 178 1068 per
196 1019 276 1056 haec
296 1023 429 1056 sancta
448 1032 534 1067 quae
559 1018 795 1068 sumpsimus
823 1018 1091 1055 inviolabilem
1120 1019 1295 1055 caritatis
1314 1020 1511 1063 affectum,
1532 1022 1580 1055 ut
1598 1018 1708 1055 nulla

109 1073 259 1121 possint
277 1073 495 1110 tentatione
514 1073 716 1109 immutari
735 1072 926 1109 desideria
945 1072 992 1108 de
1011 1076 1081 1109 tua
1091 1072 1348 1121 inspiratione
1364 1076 1558 1122 concepta.
1618 1072 1702 1109 Per.

698 1214 783 1251 PRO
812 1214 1140 1252 ITINERANTIBL'S.

190 1269 333 1306 Oratio.

189 1323 350 1370 Adesto,
373 1322 553 1368 Domine,
575 1322 924 1370 supplicationibus
944 1322 1097 1367 nostris,
1111 1326 1151 1358 et
1164 1322 1268 1357 viam
1282 1326 1321 1358 et
1340 1325 1449 1358 aetus
1469 1322 1705 1360 famulorum

107 1381 265 1414 tuorum
286 1378 324 1412 in
346 1376 483 1413 salutis
503 1380 581 1412 tuae
601 1376 856 1424 prosperitate
876 1376 1035 1424 dispone
1045 1389 1055 1422 3
1085 1381 1130 1412 ut
1159 1376 1264 1411 inter
1283 1389 1415 1412 omnes
1435 1376 1552 1424 hujus
1571 1377 1646 1413 viae
1665 1381 1705 1414 et

108 1431 199 1467 vitae
220 1431 439 1476 varietates,
461 1435 528 1466 tuo
548 1443 698 1478 semper
716 1434 973 1479 protegantur
991 1429 1149 1466 auxilio.
1209 1429 1285 1465 Per
1304 1430 1530 1467 Dominum.

189 1484 346 1521 Secreta.

190 1538 418 1587 Propitiare,
442 1537 623 1583 Domine,
644 1536 992 1585 supplicationibus
1020 1536 1175 1582 nostris,
1203 1541 1242 1573 et
1270 1537 1340 1573 has
1369 1537 1583 1574 oblationes
1609 1551 1706 1588 quas

108 1592 182 1628 tibi
207 1592 403 1628 offerimus
436 1604 505 1640 pro
539 1591 696 1627 famulis
729 1592 808 1627 tuis
839 1591 1030 1639 benignus
1054 1603 1206 1626 assume
1222 1603 1233 1636 3
1261 1594 1308 1626 ut
1341 1591 1446 1626 viani
1477 1591 1635 1627 illorum
1664 1596 1704 1628 et

107 1650 216 1682 actus
235 1646 476 1694 przecedente
495 1644 623 1693 gratia
642 1648 711 1680 tua
730 1644 884 1693 dirigas,
906 1648 945 1680 et
964 1645 1225 1692 subsequente
1245 1644 1424 1680 comitari
1439 1644 1609 1693 digneris
1625 1659 1635 1691 3
1659 1654 1705 1681 ut

107 1700 155 1736 de
173 1705 264 1735 actu
291 1706 410 1748 atque
443 1698 713 1734 incolumitate
744 1711 878 1734 eorum
899 1698 1111 1734 secundum
1132 1697 1405 1734 misericordiae
1426 1702 1503 1734 tuae
1522 1700 1704 1748 praesidia

105 1753 351 1803 gaudeamus.
412 1752 487 1788 Per
508 1752 732 1788 Dominum.

186 1806 504 1844 Posceommunio.

188 1860 307 1905 Deus,
328 1861 396 1910 qui
425 1859 675 1909 diligentibus
694 1863 734 1896 te
761 1859 1065 1895 misericordiam
1094 1863 1203 1895 tuam
1224 1872 1373 1908 semper
1392 1860 1594 1908 impendis,
1617 1864 1657 1897 et
1684 1874 1707 1898 a

108 1915 364 1950 servientibus
393 1914 467 1950 tibi
493 1914 534 1949 in
567 1913 677 1949 nulla
709 1926 748 1949 es
780 1913 936 1962 regione
966 1912 1216 1961 longinquuS‚
1237 1913 1360 1962 dirige
1393 1914 1497 1949 viam
1531 1918 1570 1950 et
1598 1919 1707 1952 actus

106 1967 341 2004 famulorum
361 1972 519 2004 tuorum
548 1967 589 2003 in
614 1967 818 2003 voluntate
838 1971 918 2012 tua,
941 1971 987 2002 ut
1006 1970 1045 2003 te
1066 1970 1284 2016 protectore
1313 1972 1354 2003 et
1382 1971 1422 2003 te
1441 1968 1619 2016 praeduce
1639 1982 1708 2017 per

98 2022 269 2069 justitiae·
289 2022 445 2059 semitas
466 2023 548 2057 sine
568 2021 777 2057 offensione
797 2021 1039 2070 gradiantur.
1098 2020 1184 2056 Per.

618 2167 721 2220 [PRO
752 2179 903 2205 SALUTE
931 2169 1194 2208 ANIMALIUM.

191 2223 333 2259 Oratio.

185 2277 304 2321 Deus,
318 2276 385 2325 qui
401 2276 597 2312 laboribus
610 2276 812 2312 hominum
825 2277 943 2313 etiam
956 2276 1003 2313 de
1015 2277 1137 2313 mutis
1149 2277 1383 2315 animalibus
1398 2281 1535 2318 solatia
1549 2282 1706 2332 subrog-

108 2331 183 2367 asti
200 2344 209 2376 3
238 2330 430 2379 supplices
454 2334 494 2366 te
519 2344 709 2379 rogamus,
738 2334 785 2366 ut
809 2330 891 2367 sine
920 2331 1062 2379 quibus
1090 2343 1169 2367 non
1189 2331 1311 2369 alitur
1329 2332 1500 2370 humana
1519 2336 1702 2384 conditio,

108 2384 251 2421 nostris
271 2384 388 2420 facias
409 2384 542 2420 usibus
561 2397 640 2421 non
659 2384 795 2433 perire.
859 2384 931 2420 Per
951 2384 1179 2422 Dominum.

186 2438 344 2475 Secreta.

189 2491 403 2528 Subveniat
433 2491 553 2537 nobis,
595 2492 776 2537 Domine,
816 2505 1048 2540 quaesumus,
1088 2492 1267 2529 sacrificii
1292 2496 1493 2543 praesentis
1532 2498 1679 2535 oblatio
1694 2513 1704 2545 3

104 2558 192 2593 quae
212 2558 281 2581 nos
305 2549 344 2582 et
373 2546 422 2583 ab
447 2545 642 2582 erroribus
669 2546 862 2582 universis
893 2550 1074 2595 potenter
1103 2547 1289 2593 absolvat,
1311 2552 1351 2584 et
1380 2562 1403 2586 a
1422 2550 1543 2587 totius
1563 2552 1705 2602 eripiat

107 2599 336 2647 perditionis
366 2599 549 2646 incursu,
587 2604 633 2635 ut
660 2604 700 2635 et
729 2599 923 2646 animalia,
956 2612 1041 2648 quae
1073 2600 1208 2636 usibus
1237 2602 1381 2638 nostris
1410 2604 1598 2652 serviunt,
1630 2611 1699 2643 tua

107 2652 282 2701 potentia
301 2653 525 2689 liberentur.
586 2653 662 2689 Per
677 2653 901 2690 Dominum.

188 2706 506 2743 Postcommunio.

188 2759 350 2806 Averte,
373 2760 553 2805 Domine,
575 2773 806 2809 quaesumuS‚
828 2773 897 2809 per
924 2761 1005 2797 haee
1034 2765 1167 2798 sancta
1195 2775 1282 2811 quae
1307 2765 1553 2813 sumpsimus,
1576 2780 1599 2803 a
1618 2769 1699 2805 tuis

107 2812 286 2849 fidelibus
304 2819 462 2850 cunctos
481 2814 687 2851 miseratus
706 2827 871 2860 errores,
898 2818 938 2851 et
957 2815 1204 2852 saevientium
1223 2817 1458 2865 morborum,
1476 2832 1562 2868 quae
1577 2834 1699 2869 grass-

107 2871 198 2902 atur
222 2866 263 2902 in
283 2868 476 2913 animalia,
499 2868 648 2917 depelle
667 2868 877 2917 perniciem
894 2881 904 2914 3
934 2872 979 2904 ut
998 2881 1094 2917 quos
1113 2882 1183 2906 suo
1201 2871 1343 2908 merito
1362 2872 1532 2922 flagellas
1552 2874 1694 2923 devios,

107 2919 236 2956 foveas
255 2924 324 2957 tua
341 2921 589 2959 miseratione
608 2926 806 2959 correctos,
866 2920 1145 2974 Fen-MSS]
