1979 3348
843 170 1016 226 Hyries.
1644 172 1724 212 245

343 283 413 327 Tu,
433 282 502 332 qui
521 281 636 329 solus,
657 285 798 319 cuneta
816 281 1020 331 gubernas,
1043 281 1209 330 eleyson.

343 337 523 373 Christus
543 335 622 373 tuis
642 335 895 372 condonando
914 348 1020 372 nune
1039 335 1212 381 erimina,
1235 334 1403 383 eleyson.

342 391 396 426 Es
416 390 485 439 qui
503 393 641 439 potens
661 389 810 426 solvere
829 402 954 425 nexus
974 392 1115 433 reatus,
1138 388 1305 437 eleyson.

342 443 396 479 Et
415 443 485 492 qui
503 443 735 492 protoplasti
752 442 852 479 Adae
872 446 998 479 morte
1018 442 1158 488 vicisti,
1181 442 1346 490 eleyson.

342 497 482 545 Kyrie,
504 510 574 533 rex
595 496 777 541 Sabaoth,
799 501 934 532 nostra
953 500 992 532 et
1011 509 1163 532 summa
1181 495 1295 541 salus,
1318 495 1488 544 eleyson.

342 551 479 600 Kyrie,
502 554 679 587 sanetum
698 550 876 586 Pneuma
895 554 935 586 et
955 550 998 595 O,
1021 549 1144 594 nobis,
1169 555 1214 585 tu
1235 548 1359 595 Soter,
1383 549 1556 597 eleyson.

343 604 470 653 Kyrie
491 604 525 641 O
545 602 751 653 patyron,÷÷
771 603 804 640 O
824 603 935 640 theos
954 607 1103 651 Jmnton
1123 606 1268 646 craton,

344 658 518 695 Entheos
538 657 785 703 Emmanuel,
805 670 914 706 ymas
937 657 1102 706 eleyson.

866 820 968 857 VII.

764 907 889 945 Omns
919 919 1084 946 FACTOR.

667 988 775 1026 (York,
789 988 908 1024 Sarma,
923 988 985 1016 am(
997 988 1173 1026 Ilerefiard.)

391 1062 507 1100 Orbis
526 1062 661 1109 faetor,
684 1075 755 1099 rex
774 1066 929 1108 aeterne,
951 1063 1119 1111 eleyson.

389 1116 554 1152 Pietatis
574 1117 660 1153 fons
681 1116 890 1159 immensae,
913 1116 1080 1165 eleyson.

390 1170 526 1206 Noxas
545 1183 678 1206 omnes
696 1174 849 1207 nostras
868 1170 979 1219 pelle,
1002 1170 1167 1219 eleyson.

390 1224 556 1269 Christe,
578 1224 647 1272 qui
665 1223 737 1260 lux
757 1237 796 1260 es
815 1224 964 1270 mundi,
987 1225 1100 1260 (lator
1118 1225 1224 1270 Vitae,
1246 1224 1412 1274 eleyson.

387 1280 490 1314 Arte
509 1277 618 1314 laesos
637 1278 857 1314 doemonum
877 1278 1041 1324 intuere,
1066 1278 1234 1327 eleyson.

389 1331 634 1368 Confirmans
652 1335 693 1368 te
713 1331 912 1368 eredentes
932 1345 1253 1381 conservansque,
1277 1332 1443 1381 eleyson.

390 1385 549 1422 Patrem
567 1390 694 1432 tuum,
717 1385 859 1434 Teque,
883 1385 1047 1422 Flamen
1065 1390 1335 1435 utrorumque,
1358 1386 1525 1435 eleyson,

390 1439 519 1475 Deum
539 1439 681 1476 seimus
700 1452 823 1475 unum
843 1443 962 1488 atque
982 1440 1132 1476 trinum
1152 1453 1242 1485 esse,
1266 1440 1433 1489 eleyson.

388 1493 567 1530 Clemens
586 1493 698 1530 nobis
717 1492 824 1538 assis,
845 1493 943 1530 ‘Iesu
963 1494 1075 1539 bone,
1096 1497 1142 1529 ut-
1160 1493 1340 1530 vivamus
1359 1494 1401 1530 in
1421 1498 1471 1540 te,
1495 1493 1661 1543 eleyson.

855 1656 980 1694 VIII.

640 1742 796 1787 KYmE,
828 1743 921 1779 REX
951 1754 1191 1780 srLENDENs.

662 1822 771 1860 (Yorlc,
786 1822 906 1859 Sarum,
920 1823 983 1851 and
995 1822 1172 1862 Herqfhrd.)

118 1898 256 1947 Kyrie,
291 1909 362 1933 rex
394 1896 599 1945 splendens
637 1896 722 1932 eaeli
754 1909 853 1942 aree,
888 1896 993 1933 salve
1026 1897 1189 1946 jugiter,
1224 1901 1264 1934 et
1297 1896 1465 1933 clemens
1503 1897 1608 1946 plebi
1641 1902 1718 1934 tuae

278 1963 428 1999 semper
447 1950 613 1999 eleyson.

118 2004 369 2055 Hymnidieae
390 2017 505 2053 quem
524 2008 665 2040 turmae
690 2003 892 2040 Cherubin
911 2004 1028 2040 laude
1055 2004 1283 2054 perenniter
1310 2003 1554 2054 proclamant
1582 2005 1722 2042 incess-

277 2062 401 2104 anter,
421 2058 534 2094 nobis
553 2058 719 2107 eleyson.

116 2112 332 2162 Insigniter
351 2115 515 2148 catervae
535 2112 725 2160 praecelsae
746 2115 786 2148 et
807 2111 949 2160 quibus
970 2111 1163 2161 Seraphin
1183 2112 1420 2162 respondent
1441 2116 1480 2149 te
1499 2112 1718 2159 laudantes,

276 2165 402 2202 nostri
420 2165 585 2214 eleyson.

116 2221 282 2265 Christe,
303 2232 374 2256 rex
393 2219 617 2263 altithrone,
638 2218 794 2255 ordines
822 2219 1049 2268 angelorum
1078 2232 1221 2256 novem
1250 2232 1367 2269 quem
1397 2219 1561 2257 laudant
1580 2220 1720 2257 incess-

276 2277 388 2309 anter
406 2272 578 2322 pulchre,
600 2272 760 2321 dignare
781 2273 904 2309 servis
923 2273 1004 2310 tuis
1023 2286 1173 2322 semper
1192 2273 1361 2322 eleyson.

116 2328 282 2373 Christe,
304 2339 419 2376 quem
437 2330 522 2363 toto
546 2327 638 2363 orbe
666 2326 783 2363 unica
811 2327 970 2363 ecelesia
988 2327 1201 2376 hymnizat,
1225 2327 1294 2374 sol,
1316 2327 1420 2374 luna,
1442 2331 1562 2373 astra,
1583 2327 1714 2374 tellus,

276 2393 382 2417 mare
401 2380 464 2417 eui
484 2384 524 2416 et
542 2380 796 2425 famulantur,
817 2393 968 2430 semper
986 2381 1153 2429 eleyson.

115 2437 197 2485 Ipsi
217 2435 321 2472 idem
340 2434 485 2471 inclitae
504 2434 641 2483 patriae
660 2438 856 2483 perpetuae
879 2435 1050 2471 haeredes
1078 2435 1205 2472 saneti
1233 2448 1366 2472 omnes
1394 2435 1513 2485 digno
1542 2435 1715 2472 carmine

274 2488 517 2538 proclamant
537 2501 653 2537 quem
672 2501 721 2524 ov
722 2493 846 2534 antei,
867 2488 979 2525 nobis
999 2489 1165 2537 eleyson.

116 2542 294 2593 Virginis
321 2542 395 2591 piae
424 2541 573 2586 Mariae,
595 2541 629 2579 O
658 2542 761 2578 alma
788 2542 926 2592 proles,
956 2555 1026 2579 rex
1054 2556 1202 2591 legum,
1223 2543 1426 2580 benedicte
1455 2542 1711 2593 Redemptm,

273 2609 314 2632 er
317 2609 409 2632 uore
427 2608 510 2632 mer
512 2600 620 2632 catus
639 2608 686 2644 pi
687 2595 795 2656 oprio
815 2597 951 2632 moitis
971 2609 1020 2632 ex
1038 2601 1242 2657 potestate,
1264 2610 1415 2646 semper
1433 2597 1600 2646 eleyson.

114 2649 384 2699 Insignissime
420 2649 603 2698 ingenite,
638 2649 672 2686 O
705 2649 848 2699 genite,
883 2650 1032 2699 origine
1064 2651 1148 2699 jam
1186 2663 1325 2699 expers
1362 2654 1402 2687 et
1438 2650 1527 2698 fine,
1562 2651 1713 2688 virtute

275 2680 485 2740 excellens
487 2703 628 2750 omnia,
650 2706 814 2740 catervae
833 2703 924 2740 huie
943 2709 1021 2740 tute
1041 2704 1207 2741 clemens
1227 2705 1392 2753 eleyson.

117 2757 415 2808 Limpidissimae
447 2757 580 2806 gloriae
609 2756 677 2803 sol,
702 2757 870 2806 justitiae
904 2758 1061 2804 arbiter,
1088 2771 1221 2795 omnes
1249 2762 1385 2808 gentes
1413 2757 1589 2795 districte
1617 2758 1711 2795 dum

272 2811 435 2860 judiees,
457 2815 608 2858 turmae,
632 2811 775 2848 obnixe
794 2824 1009 2861 precamur,
1030 2825 1135 2848 nunc
1154 2813 1302 2849 astanti
1321 2812 1489 2849 clemens
1508 2811 1675 2862 eleyson.

756 2919 774 2935 ⁴*
797 2919 818 2950 ἱ.
829 2921 1056 2960 6.-πατέρων.
