1979 3348
243 258 294 296 50
886 256 927 296 F
926 260 1014 296 asia.
1044 256 1105 296 ‚su
1116 254 1196 297 nii.

320 367 516 404 Psalmus.

320 422 475 458 Bonum
495 425 554 458 ost
573 420 750 458 confiteri
771 419 943 457 Domino
963 434 969 456 :
999 424 1038 455 et
1058 419 1221 468 psallere
1241 421 1393 457 nomini
1412 425 1492 468 tuo,
1515 420 1714 459 altissime.

322 486 465 523 Oraffio.

320 540 438 583 Deus,
479 540 546 589 qui
583 543 815 588 praesentem
853 538 957 575 diem
994 538 1263 576 honorabilem
1297 540 1409 576 nobis
1438 540 1479 576 in
1507 540 1613 576 beati
1645 540 1673 577 J
1676 538 1841 576 ohannis

238 594 450 630 nativitate
470 594 625 639 fi=eisti3
658 594 707 629 da
740 593 894 642 populis
924 592 1004 629 tuis
1038 593 1305 641 spiritualium
1337 594 1505 642 gratia-m
1537 594 1780 643 gaudiorum,
1802 596 1841 629 et

237 648 413 684 omnium
433 648 607 684 fidolium
627 651 780 683 mentes
795 647 920 696 dirige
939 647 981 682 111
1002 647 1106 683 viam
1127 647 1264 684 salutis
1285 650 1450 684 fetorum.
1509 647 1596 685 Per.

318 712 445 749 Lectio
466 713 596 749 Jlsaioe.
616 711 825 760 Prophetae.

318 767 471 803 Audite
508 766 658 811 insulae,
688 771 728 802 ct
765 766 971 811 attendite,
1001 766 1137 815 populi
1165 766 1211 802 de
1240 766 1380 816 longe:
1428 767 1623 803 Dominus
1651 767 1700 803 ab
1728 770 1840 803 utero

236 821 395 856 vocavit
425 833 499 866 me,
535 821 581 856 dc
614 824 751 856 ventre
781 820 920 856 matris
954 834 1049 856 meze
1083 821 1309 857 recordatus
1348 824 1407 857 est
1441 820 1612 857 nominis
1640 820 1727 857 mei.
1786 820 1840 856 Et

235 874 368 923 posuit
388 887 429 910 os
448 888 580 910 meum
609 874 710 911 sicut
744 874 918 922 gladium
951 879 1134 910 acutum:
1165 875 1207 910 in
1235 875 1375 911 umbra
1403 888 1541 911 manus
1562 888 1640 911 suae
1660 874 1836 924 protexit

235 941 310 975 me,
331 932 371 965 et
389 929 521 978 posuit
554 942 615 965 me
648 929 761 977 quasi
793 928 977 977 sagittam
1011 928 1185 965 electam.
1244 928 1295 964 In
1324 929 1508 978 pharetra
1537 942 1606 965 sua
1634 928 1840 965 abscondit

235 995 309 1027 me,
331 987 370 1019 et
400 983 504 1019 dixit
531 982 653 1019 mihi:
693 983 837 1019 Servus
857 996 965 1019 meus
985 996 1025 1019 es
1048 987 1105 1029 tu,
1128 983 1264 1029 Israel,
1287 983 1380 1032 quia
1401 984 1440 1019 in
1460 988 1500 1019 te
1520 982 1726 1031 gloriabor.
1784 982 1838 1018 Et

234 1049 340 1072 nunc
359 1037 441 1073 haec
461 1037 558 1073 dicit
578 1037 786 1082 Dominus,
807 1037 980 1073 formans
1000 1050 1061 1073 me
1089 1050 1138 1072 cx
1166 1041 1280 1073 utero
1308 1050 1465 1073 servum
1486 1037 1584 1073 sibi:
1615 1037 1719 1073 Dedi
1737 1040 1777 1073 te
1796 1036 1839 1072 in

233 1090 361 1127 lucem
394 1092 585 1140 gentium,
616 1096 662 1127 ut
695 1091 747 1127 sis
779 1091 883 1127 salus
913 1104 1000 1127 mea
1032 1104 1155 1140 usque
1188 1091 1238 1126 ad
1272 1094 1492 1127 extremum
1525 1096 1650 1128 terrae.
1710 1091 1837 1140 Reges

232 1144 436 1191 videbunt,
465 1150 504 1181 et
530 1148 766 1193 consurgent
795 1145 1005 1194 principes,
1027 1149 1067 1181 et
1090 1145 1311 1182 adorabunt
1332 1145 1549 1182 Dominum
1571 1145 1701 1181 Deum
1720 1149 1836 1181 tuum

233 1202 273 1235 et
294 1198 482 1235 Sanctum
503 1199 637 1243 Israel,
654 1199 723 1247 qui
742 1199 861 1248 elegit
879 1203 929 1237 te.

317 1263 496 1300 Gradale.

314 1317 551 1366 Priusquam
578 1316 790 1353 formarem
818 1316 861 1352 in
889 1323 1013 1362 utero,
1034 1318 1198 1366 cognovi
1226 1321 1289 1354 te:
1333 1322 1373 1354 et
1401 1321 1614 1366 antequam
1642 1317 1769 1354 exires
1788 1316 1836 1354 de

231 1376 381 1417 ventre,
403 1371 645 1408 sanctificavi
665 1376 713 1407 te.

240 1426 276 1462 Γ.
310 1425 427 1462 Misit
446 1426 643 1462 Dominus
661 1438 824 1461 manum
844 1437 954 1460 suam
970 1439 976 1460 :
1009 1428 1048 1461 et
1066 1425 1203 1474 tetigit
1222 1438 1264 1461 os
1284 1438 1427 1471 mcum,
1449 1429 1490 1462 et
1509 1424 1614 1462 dixit
1632 1424 1741 1462 mihi.

311 1480 510 1529 Alleluya.
577 1479 613 1516 V.
650 1479 765 1516 luter
791 1483 906 1515 natos
939 1479 1150 1516 mulierum
1182 1492 1263 1516 non
1292 1480 1466 1516 surrexit
1497 1479 1623 1529 major
1649 1479 1834 1516 Johanne

232 1534 423 1583 Baptista.

310 1598 531 1648 Sequentia.

390 1661 527 1698 Sancti
546 1661 738 1710 Baptistae
760 1660 909 1697 Christi
927 1661 1117 1710 praeconis

390 1716 603 1752 Sollemnia
622 1716 862 1752 celebrantes
881 1715 1055 1751 moribus
1074 1715 1202 1764 ipsum
1223 1728 1443 1763 sequamur,

388 1771 450 1807 Ut
469 1770 516 1806 ad
538 1770 661 1806 vitam
682 1783 798 1818 quam
818 1769 1003 1818 praedixit
1022 1769 1184 1805 asseclas
1204 1782 1293 1805 suos
1312 1768 1509 1817 perducat.

388 1824 537 1861 Dcvoti
564 1828 615 1869 te,
635 1823 875 1860 sanctissime
904 1823 1121 1869 hominum,
1150 1823 1272 1860 amice
1301 1823 1329 1859 J
1332 1836 1398 1859 esu
1428 1821 1588 1869 Christi,
1607 1821 1831 1871 flagitamus

493 1881 539 1914 ut
558 1878 699 1927 gaudia
718 1877 990 1926 percipiamus.

384 1933 672 1982 App-arensque
700 1931 898 1968 Zachariae
929 1931 1090 1967 Gabriel
1118 1931 1342 1980 repromisit
1369 1931 1438 1980 qui
1457 1934 1566 1967 tuam
1588 1930 1829 1967 celebrarent

494 1986 689 2035 obsequiis
708 1985 972 2022 nativitatem.

386 2040 449 2078 Ut
467 2054 537 2090 per
555 2040 637 2076 haec
655 2040 766 2084 festa,
787 2044 934 2076 aeterna
952 2039 1095 2088 gaudia
1114 2039 1389 2088 adipiscamur,

387 2095 475 2140 Qua
493 2094 619 2131 sancti
638 2093 716 2130 Dei
734 2094 854 2130 sacris
874 2093 1022 2130 deliciis
1042 2093 1125 2129 laeti
1144 2093 1399 2143 congaudent.

386 2148 446 2185 Tu
467 2148 536 2198 qui
556 2161 752 2197 praeparas
771 2148 946 2184 fidelium
967 2148 1093 2193 corda,

384 2203 448 2239 Ne
469 2203 563 2252 quid
583 2202 741 2239 devium
761 2202 823 2238 vel
842 2203 1037 2238 lubricum
1059 2202 1168 2238 Deus
1188 2202 1229 2237 in
1250 2201 1304 2237 eis
1323 2201 1499 2237 inveniat

385 2257 440 2294 Te
459 2257 721 2306 deposcimus:
752 2260 798 2292 ut
816 2256 983 2292 crimina
1000 2260 1135 2292 nostra

383 2311 438 2347 Et
456 2311 631 2347 facinora
649 2310 839 2347 continua
860 2323 969 2359 prece
988 2310 1144 2346 studeas
1164 2310 1377 2355 absolvere,

383 2365 570 2402 Placatus
589 2368 634 2401 ut
653 2365 736 2414 ipse
755 2377 844 2401 snos
863 2377 1015 2414 semper
1033 2364 1201 2400 invisere
1221 2364 1365 2409 fideles,

382 2419 575 2456 Placitam
595 2423 635 2455 et
653 2418 895 2455 mansionem
915 2419 957 2454 in
977 2418 1031 2454 eis
1050 2418 1174 2454 facere
1194 2418 1388 2467 dignetur.

383 2473 445 2510 Ut
463 2474 551 2521 agni
573 2473 717 2509 vellere
736 2486 853 2521 quem
872 2477 941 2509 tuo
961 2472 1085 2521 digito

380 2526 526 2564 Mundi
546 2531 833 2563 monstraveras
851 2527 1057 2563 tollentem
1078 2525 1242 2562 crimina
1262 2538 1331 2561 nos
1350 2525 1448 2561 velit
1467 2524 1631 2561 induere
1646 2538 1655 2571 3

382 2580 442 2617 Ut
461 2581 588 2629 ipsum
610 2594 830 2617 mereamur
848 2581 995 2629 angelis
1015 2580 1153 2616 associi

379 2635 428 2671 In
448 2635 538 2671 alba
556 2639 665 2671 veste
684 2635 795 2683 sequi
815 2648 884 2684 per
902 2639 1055 2683 portam
1075 2634 1341 2679 clarissimam,

378 2689 519 2725 Amice
539 2688 689 2725 Christi
708 2689 735 2725 J
739 2689 922 2725 ohannes

294 2783 513 2821 Secundam
533 2782 682 2818 Lucam-
701 2782 749 2827 (i.
773 2781 927 2832 57-68).

295 2838 347 2874 In
375 2837 443 2873 illo
471 2840 655 2884 tempore,
678 2835 882 2872 Elizabeth
916 2835 1124 2884 impletum
1158 2840 1216 2871 est
1243 2838 1398 2883 tempus
1426 2847 1545 2882 usqae
1573 2834 1626 2870 ad
1655 2838 1694 2870 et
1721 2834 1814 2871 fecit

213 2891 521 2941 redemptionem
541 2890 665 2939 plebis
684 2902 774 2926 suae.

294 2945 430 2983 Credo.

293 3006 547 3055 Offertorium.
606 3005 635 3042 J
638 3009 750 3041 ustus
769 3008 815 3041 ut
833 3005 973 3054 palma.
