1979 3348
280 249 361 290 236
765 248 818 290 M
817 248 907 290 issa
932 262 1017 304 pro
1047 248 1386 292 Poenz’tentibzw.

440 391 559 430 From
578 392 664 430 MS.
687 392 886 441 Breviary.
951 391 1052 430 Yorlc
1076 392 1244 430 Mimter
1267 392 1436 442 Library
1455 393 1552 443 (xvi.
1577 407 1607 431 o.
1631 394 1694 442 9).

782 480 915 517 M1ssA
943 491 1018 517 PRO
1047 480 1370 518 PAENITENzrmus.

370 533 512 570 Oratio.

365 586 530 632 Exaudi,
551 599 784 636 quaesumus,
816 587 996 634 Domine,
1028 588 1246 638 supplicum
1267 601 1408 638 preces,
1439 593 1478 626 et
1507 590 1777 627 confitentium
1801 589 1876 626 tibi

283 653 420 730 {arceD
413 641 580 701 peccatis
589 654 600 687 3
621 645 667 677 ut
685 641 833 690 pariter
851 641 963 678 nobis
982 641 1270 692 indulgentiam
1288 643 1440 680 tribuas
1459 644 1651 693 benignus
1670 648 1710 680 et
1729 656 1871 693 pacem.

322 708 363 731 er
424 707 611 731 onunum.

366 748 522 785 Secreta.

367 802 531 838 Hostias
550 802 634 849 tibi,
652 802 834 849 Domine,
851 802 1081 852 placationis
1100 803 1296 840 offerimus
1310 818 1320 851 3
1340 805 1595 849 obsecrantes,
1614 808 1661 841 ut
1681 808 1720 841 et
1738 804 1881 841 delicta

286 860 419 892 nostra
438 856 645 893 miseratus
664 857 852 904 absolvas,
874 861 913 894 et
932 858 1117 894 nutantia
1135 858 1250 895 corda
1269 863 1311 895 tu
1334 859 1488 908 dirigas.
1547 858 1624 895 Per
1652 859 1878 895 Dominum.

367 910 687 948 Postcommnnio.

368 963 516 1000 Praesta
545 965 668 1011 nobis,
694 968 838 1001 aeterne
868 965 1059 1012 Salvator,
1085 969 1132 1002 ut
1164 966 1421 1016 percipientes
1445 966 1518 1003 hoc
1542 979 1703 1003 munere
1727 965 1882 1002 veniam

288 1021 547 1066 peccatorum,
568 1018 747 1068 deinceps
766 1023 922 1068 peccata
940 1020 1120 1057 vitemus
1180 1019 1265 1057 Per.

879 1161 997 1198 From
1018 1161 1075 1199 the
1094 1174 1197 1199 same
1216 1161 1303 1199 stlS.

722 1240 888 1278 CONTRA
915 1251 1081 1278 JUDICES
1112 1251 1221 1277 MALE
1250 1240 1452 1277 AGENTES.

376 1295 521 1332 Oratio.

374 1349 555 1387 Ecclesiae
575 1353 665 1395 tuae,
687 1348 869 1395 Domine,
885 1361 1016 1397 preces
1035 1348 1210 1398 placatus
1230 1347 1406 1393 admitte,
1428 1351 1474 1384 ut
1493 1347 1700 1384 destructis
1719 1346 1887 1383 adversi-

293 1403 442 1440 tatibus
461 1408 501 1440 et
520 1403 715 1440 erroribus
734 1402 927 1439 universis
945 1415 1080 1439 secura
1099 1402 1174 1439 tibi
1193 1402 1337 1439 serviat
1357 1402 1549 1440 libertate.
1607 1401 1693 1438 Per.

375 1457 533 1494 Secreta.

376 1510 543 1560 Protege
562 1524 645 1558 nos,
666 1522 899 1560 quaesumus,
923 1510 1104 1557 Domine,
1126 1510 1206 1546 tuis
1225 1509 1422 1559 mysteriis
1441 1509 1664 1556 servientes,
1681 1512 1727 1546 ut
1747 1507 1890 1545 divinis

297 1566 411 1602 rebus
430 1565 608 1614 subjecti,
629 1569 669 1601 et
687 1577 844 1614 corpore
863 1564 939 1600 tibi
957 1564 1193 1601 famulemur
1212 1569 1251 1600 et
1271 1568 1412 1601 mente.
1471 1564 1556 1600 Per.

377 1619 699 1656 Postcommunio.

380 1673 625 1718 Quaesumus,
638 1672 810 1709 Domine
825 1672 933 1708 Deus
952 1677 1096 1718 noster,
1114 1676 1161 1708 ut
1175 1684 1271 1721 quos
1285 1672 1421 1708 divina
1439 1671 1580 1708 tribuis
1594 1670 1892 1721 participatione

300 1727 477 1777 gaudere,
500 1726 682 1763 humanis
700 1739 750 1763 ne
769 1726 873 1763 sinas
892 1726 1091 1775 subjacere
1111 1726 1303 1775 periculis.

886 1872 1007 1910 From
1026 1872 1084 1910 the
1103 1885 1205 1909 same
1223 1870 1309 1910 MS.

768 1953 856 1990 PRO
885 1963 1092 1990 CONFESSIS
1120 1962 1199 1988 SIBI
1228 1950 1437 1988 PECCATIS.

387 2009 531 2046 Oratio.

387 2063 420 2100 O
459 2062 693 2111 sempiterne
731 2061 851 2108 Deus,
882 2060 1129 2097 clementiam
1167 2063 1278 2095 tuam
1305 2058 1509 2094 humiliter
1540 2057 1794 2107 imploramus
1826 2070 1897 2106 pro

305 2117 462 2154 famulis
481 2120 521 2153 et
539 2115 758 2152 famulabus
778 2115 858 2151 tuis
877 2114 946 2164 qui
964 2114 1075 2150 nobis
1095 2112 1260 2150 confessi
1278 2117 1371 2149 sunt
1390 2125 1460 2149 sua
1478 2115 1645 2161 peccata,
1662 2115 1708 2148 ut
1727 2111 1898 2161 digneris

306 2172 384 2208 illis
403 2170 606 2219 indulgere
625 2175 665 2206 et
684 2169 808 2205 vitam
828 2173 1015 2205 aeternam
1033 2167 1258 2204 retribuere.
1318 2166 1404 2203 Per.

387 2224 546 2263 Secreta.

390 2278 633 2323 QuaesumUS,
654 2277 899 2325 omnipotens
918 2276 1039 2321 Deus,
1060 2279 1106 2312 ut
1125 2274 1316 2324 suscipere
1336 2273 1506 2323 digneris
1525 2272 1755 2310 sacrificium
1773 2271 1899 2309 laudis

308 2346 378 2383 pro
402 2332 561 2369 famulis
585 2336 624 2368 et
648 2331 870 2367 famulabus
888 2329 969 2367 tuis
988 2329 1057 2378 qui
1080 2328 1192 2365 nobis
1217 2328 1381 2365 confessi
1405 2332 1499 2365 sunt
1517 2330 1684 2377 peccata,
1705 2331 1752 2363 ut
1775 2325 1901 2363 indul-

307 2387 480 2437 gentiam
500 2385 683 2435 consequi
701 2388 934 2422 mereantur.
992 2383 1079 2421 Per.

389 2438 709 2477 Postcommunio.

391 2494 466 2540 Da,
483 2505 714 2542 quaesumus,
736 2491 1035 2529 clementissime
1051 2490 1181 2537 Pater,
1199 2489 1484 2539 indulgentiam
1499 2491 1727 2538 perpetuam
1745 2487 1902 2524 famulis

311 2552 351 2584 et
374 2547 594 2584 famulabus
617 2547 698 2582 tuis
718 2546 786 2596 qui
805 2545 916 2582 nobis
942 2544 1098 2594 propria
1116 2544 1280 2581 confessi
1303 2548 1397 2580 sunt
1415 2546 1583 2593 peccata,
1604 2546 1644 2579 et
1662 2541 1828 2580 concede
1846 2541 1901 2578 eis

311 2606 356 2638 ut
375 2602 417 2638 in
436 2600 638 2651 praeceptis
656 2600 736 2637 tuis
750 2600 901 2649 jugiter
919 2602 1177 2648 perseverent.
1239 2597 1327 2635 Per.

684 2738 803 2776 From
824 2738 882 2775 the
893 2736 1057 2787 printed
1073 2735 1273 2784 Breviary,
1294 2747 1398 2773 anno
1420 2734 1533 2772 1526.

582 2813 748 2855 Fns‘rum
769 2817 1052 2854 VISITATIONIS
1080 2825 1219 2851 BRATAE
1244 2813 1411 2860 Mam,
1442 2822 1636 2858 vmclms,

310 2911 381 2947 per
397 2910 548 2935 sacram
567 2896 869 2933 convocationem
889 2895 1174 2940 Eborawmem,
1195 2906 1299 2929 anno
1317 2891 1481 2929 Domini
1502 2891 1702 2929 millesimo
1721 2889 1905 2939 quinyen·

315 2952 444 2989 zosimo
460 2951 569 2988 tertio
583 2950 737 2994 decimo,
753 2955 943 2987 statutum
960 2954 1012 2985 est
1030 2947 1209 2985 celebrari
1226 2952 1271 2983 ut
1281 2946 1439 2983 Festum
1458 2944 1681 2994 Principale
1700 2944 1747 2981 iv.
1769 2943 1815 2980 N
1811 2956 1906 2980 onas

317 3005 470 3055 Aprilis
497 3005 540 3042 id
569 3009 621 3042 est
650 3002 759 3041 illius
790 3003 930 3041 mensis
948 3002 1009 3039 die
1037 3001 1095 3048 ii„
1125 3001 1251 3050 sicque
1276 3000 1318 3037 in
1350 2999 1592 3038 Kalendario
1623 2997 1904 3036 annotandum.
