1979 3348
270 226 353 267 338
552 222 713 266 Mis-sal
736 223 879 278 Offioes
901 223 1025 279 from
1045 223 1111 265 the
1130 223 1313 278 Banyor
1331 224 1584 280 Pontifical.

355 335 550 373 Versiculi.

346 389 505 426 Exaudi
523 401 597 436 me,
618 388 799 434 Domine,
821 386 1008 437 quoniam
1026 388 1196 438 benigna
1215 392 1275 425 est
1293 387 1557 426 misericordia
1575 393 1653 426 tua.

347 442 580 480 Secundum.

346 497 411 533 Ne
430 495 652 533 memineris
671 495 927 544 iniquitatum
947 499 1172 531 nostrarum
1190 495 1453 545 antiquarum.

347 550 437 587 Cito
456 550 673 598 anticipent
691 561 763 585 nos
782 549 1054 585 misericordiae
1074 554 1162 586 tuae.

351 604 487 641 Salvos
506 604 567 639 fac
586 615 716 639 servos
734 606 833 639 tuos.

347 657 596 702 Convertere,
620 656 802 701 Domine,
822 669 945 704 usque
964 669 1052 705 quo.

347 710 469 747 Mitte
489 711 555 756 eis,
576 709 758 756 Domine,
778 710 971 746 auxilium
991 710 1038 746 de
1057 713 1199 748 sancto.

348 764 544 801 Dominus
563 764 774 801 vobiscum.

346 818 492 856 Oratio.
549 818 713 863 Adeste,
735 817 916 863 Domine,
940 823 972 854 et
992 822 1109 854 cetera
1130 817 1197 867 (ut
1217 831 1348 866 snpra,
1370 818 1443 854 vol.
1467 817 1490 854 i.
1513 831 1546 867 p.
1572 818 1659 865 95).

344 872 439 909 Alia
460 872 604 909 Oratio.
674 872 784 908 Deus
803 871 966 908 humani
984 872 1146 921 generis,
1169 878 1202 908 et
1222 878 1341 908 cetera
1361 874 1429 922 (ut
1448 885 1580 920 salu-cc,
1602 872 1777 922 ibidem).

347 926 442 963 Alia
464 926 608 963 Oratio.

346 979 606 1029 Omnipotens
625 979 859 1028 sempiterne
878 978 999 1025 Deus,
1021 979 1297 1015 confitentibus
1325 979 1402 1015 tibi
1428 979 1585 1016 famulis
1603 979 1683 1016 tuis
1701 992 1772 1029 pro
1791 984 1861 1018 tua

262 1034 410 1083 pietate
438 1038 596 1083 peccata
626 1033 786 1079 relaxa,
818 1037 863 1070 ut
892 1045 973 1069 non
1004 1033 1090 1082 plus
1127 1034 1181 1069 eis
1213 1038 1351 1070 noceat
1382 1033 1626 1070 conscientiae
1652 1037 1783 1071 reatus
1811 1034 1860 1071 ad

262 1101 416 1137 paenam
436 1101 554 1137 quam
571 1087 821 1137 indulgentia
839 1090 918 1123 tuae
936 1087 1094 1136 pietatis
1113 1088 1238 1136 prosit
1251 1087 1300 1123 ad
1319 1087 1485 1124 veniam.
1545 1087 1623 1124 Per
1643 1087 1857 1124 Christum.

345 1142 439 1178 Alia
463 1141 609 1179 Oratio.

345 1196 526 1242 Domine,
561 1198 692 1232 sancte
721 1194 852 1239 Pater,
887 1193 1134 1243 omnipotens
1163 1199 1306 1231 aeterne
1340 1194 1458 1241 Deus,
1489 1196 1634 1244 respice
1666 1195 1860 1244 propitius

262 1262 379 1299 super
397 1250 467 1286 hos
485 1249 650 1286 famulos
677 1253 778 1295 tuos,
799 1248 867 1297 qui
886 1248 935 1284 ab
953 1248 1096 1285 infesta
1123 1248 1240 1297 hujus
1269 1249 1399 1284 saeculi
1427 1254 1660 1298 tempestate
1688 1249 1857 1296 dimersi,

261 1303 385 1340 fiebili
412 1302 694 1340 lamentatione
726 1315 814 1339 suos
843 1305 1026 1338 accusant
1056 1315 1247 1348 excessus,
1270 1310 1316 1338 ut
1334 1302 1448 1339 fletus
1467 1315 1511 1339 ac
1529 1302 1697 1352 gemitus
1724 1315 1859 1339 eorum

261 1357 326 1406 pie
353 1357 551 1406 suscipias,
585 1369 725 1406 eosque
753 1356 800 1393 de
827 1355 1001 1392 tenebris
1032 1356 1082 1392 ad
1114 1356 1248 1392 lumen
1289 1369 1453 1402 revoces,
1489 1360 1528 1393 et
1557 1356 1744 1393 medelam
1774 1369 1860 1393 con-

261 1412 477 1456 fitentibus,
499 1411 666 1448 salutem
685 1410 976 1459 paenitentibus,
996 1409 1213 1446 vulneratis
1232 1410 1424 1446 auxilium
1444 1410 1625 1447 sanitatis
1644 1410 1860 1460 indulgeas,

262 1478 312 1502 ne
330 1464 437 1501 ultra
455 1465 596 1502 habeat
623 1464 806 1501 inimicus
824 1464 867 1500 in
885 1476 1018 1500 eorum
1038 1464 1241 1500 animabus
1259 1468 1492 1513 potestatem
1505 1477 1516 1511 3
1544 1477 1755 1512 eorumque
1774 1477 1860 1501 con—

262 1519 467 1556 fessionem
499 1519 669 1556 libenter
704 1518 929 1563 admittens,
957 1517 1124 1554 ecclesiae
1154 1522 1232 1554 tuae
1261 1518 1485 1567 purificatos
1513 1518 1688 1563 restitue,
1718 1530 1762 1554 ac
1788 1522 1859 1555 tuo

263 1573 380 1609 altari
416 1577 674 1622 repraesenta:
716 1576 762 1608 ut
798 1571 847 1608 ad
883 1575 1169 1608 sacramentum
1206 1571 1534 1608 reconciliationis
1570 1571 1740 1617 admissi,
1779 1584 1860 1609 una

261 1627 465 1663 nobiscum
485 1631 618 1663 sancto
637 1625 790 1663 nomini
809 1630 877 1662 tuo
897 1626 1042 1675 gratias
1061 1639 1174 1675 agere
1195 1630 1429 1662 mereantur.
1490 1626 1576 1662 Per.

343 1680 438 1717 Alia
460 1680 605 1718 Oratio.

343 1735 451 1771 Deus
470 1734 697 1780 misericors,
720 1733 829 1770 Deus
848 1733 1027 1780 clemens,
1049 1739 1081 1769 εἰ
1100 1739 1219 1770 celera
1239 1733 1306 1782 (ut
1325 1746 1456 1782 supra,
1478 1733 1553 1770 vol.
1575 1733 1599 1770 i.
1622 1746 1658 1782 p.
1682 1733 1767 1783 95).

343 1788 437 1825 Alia
459 1788 604 1825 Oratio.

344 1842 511 1887 Exaudi,
530 1854 763 1891 quaesumus,
779 1841 1026 1890 omnipotens
1042 1841 1160 1886 Deus,
1177 1854 1307 1889 preces
1321 1845 1473 1876 nostras
1486 1854 1579 1889 quas
1594 1840 1636 1876 in
1651 1844 1857 1889 conspectu

260 1896 420 1946 pietatis
451 1900 529 1932 tuae
556 1895 753 1932 effundere
781 1895 1063 1944 praesumimus,
1094 1894 1320 1943 suppliciter
1348 1895 1606 1943 deprecantes,
1629 1899 1674 1930 ut
1693 1893 1858 1931 famulos

260 1954 349 1987 tuos
370 1950 416 1987 de
435 1954 505 1986 tua
523 1949 787 1986 misericordia
806 1948 1042 1984 confidentes
1061 1947 1338 1998 beneffidicas,
1354 1953 1392 1984 et
1408 1949 1539 1984 onmia
1554 1952 1709 1997 peccata
1723 1960 1858 1984 eorum

261 2004 449 2050 dimittas,
468 2008 615 2052 tuaque
634 2016 698 2039 eos
716 2002 957 2051 protectione
985 2015 1198 2047 conserves,
1220 2007 1263 2037 ut
1285 2002 1431 2050 possint
1463 2007 1502 2038 te
1523 2002 1631 2051 digni
1651 2001 1735 2038 fieri
1754 2006 1794 2038 et
1808 2000 1857 2038 ad

260 2062 447 2095 aeternam
466 2057 763 2102 beatitudinem,
785 2060 824 2093 te
844 2056 1074 2100 auxiliante,
1096 2057 1308 2104 pervenire.
1368 2055 1454 2093 Per.

342 2112 375 2148 A
385 2111 554 2149 (molatio.

339 2165 642 2202 Absolutionem
662 2168 702 2201 et
720 2163 987 2200 remissionem
1007 2163 1182 2199 omnium
1201 2167 1446 2212 peccatorum
1466 2167 1686 2199 vestrorum
1705 2163 1857 2200 tribuat

260 2220 372 2256 vobis
391 2220 637 2268 omnipotens
655 2223 695 2254 et
713 2217 930 2254 misericors
950 2217 1154 2253 Dominus.
1213 2218 1354 2253 Amen.

339 2274 433 2310 Post
459 2273 525 2310 hoc
553 2277 716 2321 sumant
728 2271 964 2320 paenitentes,
986 2277 1019 2307 et
1040 2277 1270 2308 moneantur
1289 2271 1334 2307 ab
1355 2270 1524 2319 episcopo
1548 2276 1587 2307 zat
1607 2271 1710 2318 quod
1732 2271 1855 2319 [πεπί-

255 2327 369 2365 tendo
389 2328 600 2374 diluerunt,
621 2326 798 2363 iterando
817 2339 896 2363 uon
914 2331 1092 2362 revocent.

756 2518 890 2555 MISSA
918 2528 973 2554 DE
1002 2528 1154 2554 smero
1185 2517 1361 2554 Smmrr.

507 2605 557 2641 Ut
577 2618 708 2653 supra,
731 2604 806 2641 vol.
830 2604 868 2641 ii.
891 2617 926 2653 p.
953 2604 1040 2649 176,
1061 2604 1129 2640 Ad
1148 2604 1423 2653 postulandam
1442 2605 1617 2654 gratiam.

890 2708 977 2745 Psso
1006 2719 1234 2745 SEMEmPso.

341 2764 486 2802 Oratio.

337 2818 595 2867 Omnipotens
615 2817 849 2865 sempiterne
869 2815 988 2862 Deus,
1011 2816 1079 2865 qui
1098 2829 1160 2853 me
1179 2820 1419 2865 peccatorem
1447 2816 1563 2854 sacris
1582 2816 1771 2853 altaribus
1791 2816 1855 2854 ad-

253 2878 358 2909 stare
377 2872 550 2917 voluisti,
572 2875 612 2908 et
631 2870 756 2907 sancti
784 2870 954 2906 nominis
972 2871 1033 2906 tui
1052 2870 1211 2907 laudare
1239 2871 1454 2919 potentiam
1470 2884 1480 2917 3
1510 2871 1684 2918 concede,
1707 2883 1850 2919 quaeso,

253 2940 322 2975 per
341 2927 457 2975 hujus
486 2924 717 2962 sacramenti
750 2924 981 2972 mysterium
1010 2937 1185 2961 meorum
1217 2924 1314 2960 milii
1342 2925 1496 2961 veniam
1524 2928 1783 2974 peccatorum,
1806 2928 1852 2960 ut

252 2985 330 3018 tuae
351 2980 547 3030 majestati
567 2979 683 3029 digne
702 2978 925 3015 ministrare
944 2990 1103 3015 merear.
1163 2978 1239 3014 Per
1259 2977 1483 3015 Dominum.
