1979 3348
226 227 302 267 xvi
923 223 1110 279 Preface.

652 335 799 371 Doctor
818 334 912 384 legis
931 334 1075 370 librum
1095 337 1216 381 parat,

651 389 728 426 Dei
746 401 883 424 manus
902 400 1018 437 quem
1037 390 1172 423 exarat

705 442 849 478 Aureis
870 441 1043 490 apicibus
1064 454 1071 477 ε

652 495 800 531 Praesul
821 495 962 540 David,
984 494 1092 543 pugil
1110 493 1232 540 fortis,

652 549 712 585 Tu
734 549 886 585 Goliam
905 552 1046 585 nostrae
1065 548 1180 584 sortis

706 602 872 639 Hostem
891 602 1022 638 vincas
1041 602 1233 651 precibus.

307 707 346 744 S.
367 707 506 744 sssarci.

304 761 355 797 In
374 761 441 797 illo
461 764 644 809 tempore,
665 759 782 796 Dixit
800 759 828 796 J
831 772 916 796 esus
935 759 1133 808 discipulis
1153 758 1231 795 suis
1250 771 1260 805 3
1292 757 1447 802 Videte,
1468 756 1636 806 vigilate.

306 813 359 850 In
391 815 452 851 die
489 814 612 850 sancti
642 813 774 850 David
804 818 956 849 tamum
993 813 1145 849 dicitur.
1212 812 1266 849 In
1295 811 1658 849 Commemoratione
1686 810 1811 848 sancti

225 868 358 905 David
376 868 521 904 dicitur
539 867 576 903 E
582 867 806 916 canyelizmz,
828 865 1139 918 Homossquidam
1159 879 1326 915 peregre.

307 933 559 981 offertorium.

306 987 449 1023 Inveni
482 986 612 1023 David
640 999 796 1023 servum
824 998 978 1022 meum:
1008 989 1047 1022 et
1075 986 1116 1021 in
1145 985 1227 1021 oleo
1256 989 1387 1021 sancto
1412 984 1509 1020 unxi
1529 997 1642 1020 eum:
1671 995 1809 1019 manus

227 1040 331 1077 enim
351 1054 436 1076 mea
455 1040 710 1077 auxiliabitur
729 1039 764 1076 ei
780 1053 791 1086 3
818 1044 857 1076 et
875 1039 1077 1075 brachium
1096 1052 1225 1075 meum
1250 1038 1439 1075 exaltabit
1459 1051 1556 1075 eum.
1613 1036 1807 1086 Alleluya.

305 1104 461 1144 Secreta.

306 1159 469 1196 Hostias
488 1159 613 1195 laudis
642 1162 681 1194 et
708 1171 839 1207 preces
866 1158 1085 1194 devotionis
1114 1171 1208 1206 quas
1236 1158 1311 1194 tibi
1330 1159 1371 1194 in
1390 1158 1536 1194 honore
1554 1157 1659 1193 beati
1679 1156 1810 1193 David

225 1213 452 1250 confessoris
485 1213 546 1249 tui
576 1216 693 1261 atque
722 1212 916 1260 pontificis
947 1210 1200 1262 (deferimus),
1223 1212 1466 1260 omnipotens
1495 1211 1612 1257 Deus,
1634 1210 1810 1260 placatus

225 1266 411 1312 intende;
440 1270 479 1302 et
506 1266 609 1314 quod
637 1269 814 1301 nostrum
842 1278 921 1301 non
949 1265 1100 1301 obtinet
1127 1265 1311 1301 meritum
1336 1270 1405 1301 tua
1424 1265 1628 1302 clementia
1647 1268 1687 1301 et
1704 1263 1810 1300 illius

224 1332 294 1368 pro
313 1320 426 1357 nobis
443 1319 624 1368 frequens
642 1318 1062 1369 intercessiouefficiant.
1122 1318 1198 1354 Per
1217 1318 1442 1356 Dominum.

306 1383 547 1421 Oommmzz‘o.

305 1438 452 1474 Beatus
471 1450 603 1474 servus
623 1450 739 1486 quem
758 1449 846 1473 cum
864 1436 1017 1473 venerit
1033 1436 1238 1483 Dominus,
1255 1436 1452 1473 invenerit
1466 1449 1554 1472 eum
1569 1435 1806 1485 vigilantem.

224 1492 367 1539 Amen,
388 1491 473 1528 dico
492 1491 613 1536 vobis,
635 1503 751 1540 super
769 1490 898 1527 omnia
918 1490 1019 1526 bona
1038 1491 1249 1527 constituet
1269 1503 1368 1527 eum.

303 1544 358 1582 In
377 1551 536 1594 tempore
556 1544 745 1581 Pccsclmli.
804 1544 1001 1592 Alleluya‚
1026 1543 1203 1593 alleluya.

304 1610 620 1647 Postcommzmio.

305 1664 474 1713 Repleti‚
504 1663 684 1709 Domine,
715 1663 841 1699 divini
870 1662 1169 1712 participatione
1198 1663 1438 1709 sacramenti,
1472 1660 1735 1712 (quaesumus)
1765 1665 1811 1697 ut

225 1717 350 1755 sancti
387 1717 517 1753 David
546 1717 771 1754 confessoris
799 1717 860 1753 tui
898 1720 1015 1765 atque
1054 1717 1248 1765 pontificis
1276 1717 1439 1763 meritis,
1467 1717 1576 1764 cujus
1604 1715 1809 1764 gloriosam

225 1771 376 1820 agimus
408 1771 664 1807 festivitatem
691 1770 899 1807 ineffabilis
932 1770 1202 1807 misericordiae
1235 1774 1312 1807 tuac
1343 1770 1557 1819 patrocinia
1585 1769 1808 1806 sentiamus.

225 1825 302 1862 Per
329 1825 546 1861 Dominum
564 1828 742 1861 nostrum
760 1824 787 1861 J
791 1837 899 1860 esum
920 1823 1132 1861 Christum.

312 1984 373 2026 Of
399 1985 486 2025 this
518 1984 633 2026 Mass
654 1984 726 2025 the
748 1983 918 2033 Collect,
950 1983 1104 2033 Secret,
1137 1984 1221 2024 and
1240 1983 1613 2024 Postcommunion
1642 1982 1731 2025 wiH
1759 1983 1810 2025 be

225 2064 357 2106 found
376 2063 422 2105 in
443 2064 516 2105 the
536 2063 804 2105 Arbuthnott
825 2062 985 2112 MissaL
1007 2062 1179 2117 printed
1198 2063 1255 2118 by
1271 2063 1345 2103 the
1364 2063 1526 2118 Bishop
1547 2063 1594 2105 of
1608 2062 1808 2104 Brechin.

225 2144 270 2186 It
300 2144 335 2186 is
365 2145 485 2186 there
511 2144 639 2198 given
669 2144 778 2185 from
806 2143 1059 2185 Wharton's
1098 2143 1302 2197 “Anglia
1332 2144 1500 2194 Sacra‚’'
1529 2145 1572 2186 ii.
1607 2144 1809 2195 645-647,

227 2224 567 2266 “Additamenta
600 2225 653 2266 ad.
686 2224 910 2280 legendam
941 2223 1076 2265 sancti
1106 2223 1283 2265 Davidis
1319 2239 1371 2265 ex
1401 2224 1491 2266 vita
1521 2225 1708 2281 ejusdem
1736 2239 1813 2280 per

225 2304 520 2346 Ricemarcum
540 2304 775 2360 episcopum
800 2304 1097 2345 Menevensem
1120 2304 1275 2359 scripta
1294 2303 1422 2358 (circa
1442 2319 1524 2345 A.D.
1550 2304 1718 2358 1090).’'
1768 2303 1813 2345 It

223 2383 300 2424 has
334 2383 420 2424 also
451 2384 558 2425 been
592 2383 763 2438 printed
794 2383 852 2438 by
884 2383 958 2424 the
991 2383 1092 2425 Rev.
1128 2383 1192 2425 W.
1227 2384 1267 2424 J.
1305 2383 1425 2433 Rees,
1463 2384 1631 2425 “Lives
1664 2384 1712 2426 of
1739 2383 1813 2426 the

226 2462 594 2505 Cambro-British
626 2462 807 2513 Saints‚''
840 2478 880 2510 p.
918 2463 1013 2512 144,
1040 2462 1322 2519 Llandovery‚
1360 2464 1482 2506 1853.
1544 2464 1813 2506 Arbuthnott

227 2543 388 2593 MissaL
411 2559 451 2598 p.
474 2542 549 2584 liii.

313 2625 402 2666 The
423 2625 537 2667 Mass
558 2625 604 2666 in
624 2626 696 2667 the
717 2626 870 2667 Sarum
890 2625 1039 2667 Missal
1059 2626 1093 2667 is
1110 2626 1227 2681 quite
1248 2625 1434 2677 distinct,
1453 2626 1538 2667 and
1558 2627 1651 2667 that
1671 2627 1717 2668 in
1738 2626 1811 2668 the

225 2706 438 2749 Hereford
458 2707 599 2749 differs
620 2707 729 2748 from
748 2708 864 2749 both.

312 2789 357 2830 It
390 2804 490 2844 may
524 2789 731 2831 therefore
763 2790 814 2831 be
849 2789 978 2831 taken
1010 2804 1055 2831 as
1096 2789 1256 2831 certain
1284 2790 1379 2831 that
1408 2789 1481 2830 the
1511 2789 1676 2831 volume
1702 2789 1738 2830 is
1769 2789 1817 2831 of

228 2869 380 2911 Welsh
401 2870 500 2920 Use,
525 2871 608 2911 and
637 2870 842 2927 probably
861 2870 1070 2926 belonged
1090 2874 1134 2912 to
1164 2886 1188 2911 a
1209 2870 1380 2912 Church
1401 2870 1446 2910 in
1476 2870 1549 2911 the
1574 2869 1748 2912 Diocese
1769 2869 1817 2911 of

227 2949 287 2992 St.
310 2950 469 3006 Asaph.
