1979 3348
131 611 182 1194 Esszsomrqsawffsaseff

132 1214 179 1244 13.

131 1265 178 1294 14.

70 1309 76 1313 Î”
128 1314 175 1344 15.

130 1365 177 1394 16.

130 1415 177 1446 17.

130 1465 177 1495 18.

131 1516 177 1545 19.

129 1566 176 1596 20.

128 1617 174 1646 21.

128 1667 175 1696 22.

127 1718 175 1747 23.

127 1767 176 1796 24.

127 1817 174 1847 25.

850 200 1007 241 Prosoe.

613 431 787 473 ORDO
853 429 1236 472 PROSARUM.

206 612 330 641 Laudes
344 613 413 642 Deo
428 613 545 643 devota

206 663 328 692 Sonent
342 664 408 701 regi
422 668 508 694 nato.
549 687 556 694 .

206 714 300 743 Clare
314 716 497 744 sanctorum
550 736 557 742 .

206 764 302 794 Clara
316 767 481 795 cantemus
495 766 653 795 sonoriter

205 816 280 845 Aue
295 817 453 846 cantabile
474 819 566 847 sonet

205 867 341 904 Magnus
355 868 442 896 Deus
460 889 467 897 .

205 916 322 953 Fulget
335 917 403 946 dies
415 917 555 954 jocunda

205 967 298 996 Celsa
311 968 403 1005 pueri
462 991 468 998 .

205 1018 314 1048 Sancti
335 1018 475 1055 Spiritus
489 1019 574 1047 adsit

205 1063 357 1094 Gaudens
372 1065 495 1094 Christi
508 1066 678 1103 praesentia
728 1089 734 1095 .

202 1115 234 1144 A
246 1125 301 1145 rea
313 1116 403 1153 virga
416 1116 529 1145 matris
545 1116 618 1145 Evae
632 1139 638 1145 .

203 1165 320 1195 Caelica
333 1168 483 1195 resonent
546 1189 553 1195 .

203 1214 350 1244 Gloriosa
365 1215 431 1245 dies
445 1216 536 1245 adest
547 1238 553 1245 .

202 1265 286 1295 Laus
300 1265 473 1295 harmoniae
487 1267 623 1296 resultet
638 1288 645 1295 .

201 1315 365 1352 Organicis
379 1317 518 1346 modulis
532 1327 683 1346 canamus
725 1341 731 1346 .

202 1366 287 1395 Pura
300 1367 406 1396 Deum
420 1367 532 1396 laudet

202 1416 234 1445 N
236 1417 289 1445 ato
304 1419 424 1446 canunt
439 1418 546 1446 omnia

202 1466 415 1504 Epiphaniam
429 1468 568 1497 Domino
589 1478 739 1497 canamus

203 1517 305 1546 Claris
318 1517 449 1547 vocibus
463 1518 585 1555 inclyta
635 1542 642 1548 .

201 1567 340 1605 Fulgens
354 1568 505 1605 praeclara
518 1569 634 1598 rutilat

199 1617 314 1647 Prome
329 1620 416 1647 casta
430 1619 538 1648 concio

199 1667 306 1704 Pange
320 1669 429 1697 turma
443 1669 535 1697 corde
545 1692 552 1698 .

199 1718 270 1747 Rex
285 1718 496 1755 omnipotens,
514 1719 565 1748 die
580 1719 735 1748 hodierna

199 1767 373 1797 Benedicta
386 1768 429 1797 sit
443 1768 536 1797 beata
550 1768 690 1797 Trinitas
727 1791 735 1798 .

197 1817 272 1847 Alle
286 1818 412 1847 caeleste
429 1828 551 1847 necnon

128 1868 175 1898 26.
191 1868 253 1906 (73)
264 1868 400 1898 Exsulta
408 1869 642 1903 caelumdzetare
652 1871 738 1899 terra

128 1919 175 1949 27.

128 1969 175 1999 28.

128 2070 175 2099 29.

127 2121 174 2150 30.

125 2170 173 2200 31.

126 2221 174 2251 32.

126 2272 172 2301 33.

127 2322 174 2352 34.

124 2372 174 2402 35.

123 2423 171 2453 36.

124 2473 172 2505 37.

124 2523 171 2553 38.

124 2573 171 2604 39.

123 2624 170 2653 40.

123 2675 171 2706 41.

124 2725 170 2754 42.

122 2774 169 2804 43.

124 2824 162 2853 44

125 2877 172 2907 45.

199 1919 339 1956 Agmina
352 1920 428 1949 laeta
447 1920 606 1957 plaudant
637 1943 643 1949 .

199 1969 335 1999 Sanctus
347 1971 473 2007 Petrus,
482 1980 615 2007 magnus
627 1970 746 1999 Paulus

200 2070 312 2100 Gaude
325 2071 467 2108 jocunda
479 2070 579 2099 melos
638 2093 644 2100 .

198 2122 307 2150 Aureo
321 2132 374 2151 ore
387 2121 499 2159 primae
513 2120 639 2150 matris.

198 2171 268 2200 Hac
282 2172 367 2200 clara
381 2171 432 2200 die
452 2194 459 2200 .

198 2222 290 2251 Salve
304 2224 398 2259 porta
411 2224 574 2260 perpetuae
629 2245 636 2252 .

198 2272 343 2302 Candida
357 2273 466 2302 concio
480 2274 580 2303 melos
631 2297 637 2303 .

199 2323 328 2352 Gaudet
343 2323 481 2353 clemens
496 2324 653 2353 Dominus

197 2373 302 2402 Almae
317 2374 466 2403 caelorum
480 2376 596 2403 turmae
632 2396 639 2403 .

195 2424 345 2454 Promere
359 2425 479 2455 chorda
491 2426 557 2463 jam
571 2427 713 2455 conetur.

196 2474 328 2512 Caelum,
342 2485 440 2509 mare,
454 2476 553 2505 tellus

195 2524 318 2554 Laurea
332 2525 418 2555 clara
431 2526 597 2556 laetantem
632 2549 639 2555 .

196 2575 353 2605 Mirabilis
367 2577 455 2606 Deus
468 2577 502 2606 in
518 2576 636 2606 sanctis

194 2624 321 2662 Arguta
334 2626 457 2664 plectro
472 2627 594 2664 syllaba
632 2650 639 2656 .

195 2675 338 2706 Laudem
352 2677 450 2707 dicite
465 2678 547 2707 Deo.

195 2725 280 2763 Lyra
293 2727 428 2764 pulchra
441 2737 544 2765 regem

194 2775 274 2805 Ecce
288 2777 424 2814 pulchra
438 2787 589 2807 canorum
631 2799 638 2807 .

197 2825 346 2863 Cantent,
364 2829 397 2856 te
411 2828 540 2857 Christe

196 2878 288 2907 Aulae
303 2878 409 2907 rutilae
424 2878 597 2907 micantem
630 2899 638 2907 .

729 637 736 643 .
779 614 885 651 (Feria
898 613 1098 643 bebdomada
1112 612 1329 649 Pentecostes)
1373 634 1380 642 .

730 687 737 694 .
782 664 835 702 (ad
846 665 978 693 Missam
989 665 1023 693 in
1034 665 1160 693 Aurora
1169 664 1203 692 in
1215 663 1327 692 Natali
1334 661 1477 699 Domini)

730 739 736 745 .
781 715 833 752 (In
847 715 952 744 Festis
966 714 1207 752 Apostolorum)

730 789 738 796 .
782 766 821 795 de
835 766 865 795 S.
883 766 1024 801 Andrea,
1042 765 1187 802 apostolo

730 839 738 847 .
782 817 822 846 de
836 817 865 847 S.
884 816 1131 852 Bartholomaeo,
1157 815 1303 853 apostolo

730 891 738 898 .
782 867 821 897 de
836 868 866 897 S.
885 867 1047 905 Stephano
1101 889 1108 896 .

729 940 736 946 .
780 917 819 946 de
833 918 864 947 S.
882 917 906 946 J
907 919 980 946 usto

732 989 740 998 .
783 968 835 1005 (de
849 968 901 997 SS.
920 966 1165 1003 Innocentibus)
1193 990 1199 996 .

731 1042 737 1048 .
782 1018 833 1055 (In
849 1019 900 1047 die
915 1016 1135 1054 Pentecostes)
1186 1040 1193 1046 .

780 1066 830 1103 (de
845 1066 876 1095 S.
895 1064 1077 1101 Swithuno)

723 1139 729 1145 .
777 1115 829 1153 (In
843 1115 1181 1153 Assumptionebeatae
1197 1114 1305 1143 Mariae
1316 1112 1473 1150 Virginis)

728 1189 735 1195 .
779 1166 818 1195 de
833 1166 1016 1195 Nativitate
1031 1165 1163 1194 Domini
1191 1187 1198 1193 .

727 1240 734 1246 .
779 1216 818 1246 de
833 1216 1016 1245 Nativitate
1030 1215 1163 1244 Domini

728 1290 734 1296 .
780 1267 819 1296 de
833 1267 862 1296 S.
881 1267 1040 1301 Johaune.
1055 1265 1251 1302 evangelista

775 1317 815 1347 de
829 1317 858 1346 S.
875 1318 898 1346 J
900 1317 1035 1354 ohanne,
1052 1316 1249 1353 evangelista

726 1390 733 1397 .
777 1368 816 1397 de
830 1367 881 1397 SS.
902 1367 1132 1396 Innocentibus

726 1441 733 1448 .
778 1417 829 1454 (de
843 1418 1026 1447 Nativitate
1041 1416 1185 1453 Domini)

777 1468 817 1498 (16
832 1468 1012 1506 Epiphania.

726 1541 733 1548 .
777 1518 817 1548 de
832 1520 942 1547 sancta
956 1518 1058 1547 Maria

726 1591 734 1598 .
779 1569 831 1606 (In
846 1569 897 1598 die
915 1568 1053 1604 Paschae)
1096 1591 1102 1597 .

721 1642 728 1648 .
774 1619 826 1655 (In
840 1618 1048 1648 hebdomadae
1062 1616 1204 1653 Paschae)

726 1692 733 1699 .
779 1668 829 1706 ((16
843 1667 1102 1703 Resurrectione)

775 1718 826 1755 (de
840 1719 1036 1747 Ascensione
1050 1717 1194 1754 Domini)

780 1768 832 1806 (In
846 1769 898 1798 die
913 1768 1104 1804 Trinitatis).

721 1842 728 1848 .
773 1818 825 1855 (In
839 1819 1022 1847 Nativitate
1036 1819 1153 1846 sanctae
1167 1816 1289 1853 Mariae)

777 1870 818 1899 In
831 1870 944 1899 Natali
958 1870 987 1899 S.
1005 1869 1165 1898 Johannis
1180 1868 1338 1905 Baptistae

726 1943 734 1951 .
780 1920 831 1957 (de
845 1921 897 1950 SS.
915 1921 1011 1949 Petro
1026 1921 1059 1964 et
1074 1918 1187 1955 Paulo)

780 1970 820 2000 de
834 1971 1039 2008 Principibus
1054 1970 1137 1998 lauri
1151 1968 1342 2006 potentibus
1357 1968 1454 1996 Petro

825 2030 949 2050 summo
964 2030 999 2049 ac
1013 2020 1114 2049 Paulo
1128 2019 1211 2048 celso

729 2093 736 2100 .
779 2071 819 2100 de
833 2071 886 2100 SS.
904 2071 1001 2100 Petro
1016 2071 1049 2099 et
1063 2070 1164 2099 Paulo

723 2144 731 2152 .
777 2121 828 2158 (de
842 2121 1102 2150 Annuntiatione
1116 2121 1145 2149 S.
1164 2118 1286 2155 Mariae)

724 2194 731 2201 .
776 2171 828 2208 (de
841 2171 1100 2200 Annuntiatione
1112 2171 1141 2200 S.
1160 2170 1281 2206 Mariae)

720 2245 728 2253 .
772 2222 812 2251 de
826 2223 936 2251 saneta
950 2221 1052 2250 Maria

721 2296 728 2303 .
773 2272 812 2302 de
827 2273 938 2301 sancto
954 2270 1137 2308 (Germano)

722 2346 729 2353 .
774 2324 823 2352 De
837 2322 986 2352 omnibus
1000 2321 1126 2351 Sanctis

721 2396 730 2405 .
773 2374 823 2403 De
836 2372 986 2402 omnibus
1001 2371 1128 2401 Sanctis

775 2424 835 2462 (De
849 2424 879 2453 S.
898 2422 1052 2459 Martino)

721 2497 730 2505 .
775 2475 835 2512 (De
849 2475 879 2504 S.
897 2473 1020 2510 Birino)

722 2548 730 2555 .
775 2524 836 2561 (De
850 2524 880 2554 S.
898 2521 1086 2559 Laurentio)

721 2599 729 2607 .
772 2576 821 2605 De
833 2574 981 2613 pluribus
994 2572 1191 2609 martyribus

721 2648 730 2656 .
775 2625 835 2663 (De
849 2624 997 2663 pluribus
1012 2621 1219 2660 martyribus)

721 2699 729 2707 .
774 2676 835 2714 (De
848 2675 996 2714 pluribus
1010 2672 1218 2711 martyribus)

722 2749 729 2756 .
773 2725 834 2763 (De
848 2723 1108 2760 Resurrectione)

721 2799 729 2806 .
775 2776 834 2813 (De
845 2776 992 2814 pluribus
1005 2773 1213 2811 martyribus)
1275 2796 1282 2803 .

720 2848 728 2856 .
774 2826 835 2863 (De
849 2825 997 2863 pluribus
1012 2823 1222 2861 martyribus)

720 2898 728 2906 .
772 2877 811 2905 de
825 2877 856 2906 S.
874 2875 1057 2913 Augustino

551 2953 564 2965 'âµ
578 2953 614 2977 In
626 2952 676 2978 the
689 2951 756 2978 Sion
770 2951 882 2983 College
900 2951 960 2976 MS.
975 2951 1006 2976 of
1018 2950 1098 2976 Yoxk
1110 2950 1276 2981 sequences.

1641 200 1722 239 283

1515 611 1546 640 s.
1589 611 1630 640 Y.
1675 611 1717 640 H.

1519 663 1551 691 s.
1595 679 1634 681 â€”
1683 677 1721 680 â€”r

1516 712 1547 742 s.
1592 712 1631 741 Y.
1674 712 1716 741 H.

1513 864 1535 892 s
1590 863 1630 892 Y.
1674 863 1717 891 H.

1517 964 1547 993 s.
1591 964 1630 993 Y.
1675 964 1717 992 H.

1515 1014 1545 1043 s
1589 1013 1629 1042 Y.
1674 1013 1716 1042 H.

1515 1112 1545 1141 s.
1588 1111 1629 1140 Y.
1674 1111 1716 1139 H.

1514 1162 1544 1191 s.
1588 1161 1628 1191 Y.
1672 1161 1716 1189 H.

1515 1313 1537 1342 s
1589 1312 1630 1340 Y.
1674 1310 1719 1339 H.

1513 1413 1543 1442 s.
1589 1412 1630 1440 Y.
1672 1410 1714 1439 H.

1513 1463 1543 1492 s.
1586 1462 1628 1491 Y.
1672 1461 1714 1490 H.

1512 1565 1532 1593 s
1585 1562 1627 1592 Y.
1672 1562 1714 1591 H.

1510 1614 1531 1643 s
1584 1613 1626 1641 Y.
1670 1612 1713 1641 H.

1510 1714 1541 1744 s.
1585 1713 1626 1742 Y.
1671 1712 1714 1741 H.

1511 1764 1542 1792 s.
1586 1763 1627 1791 Y.
1671 1762 1714 1791 H.

1512 1814 1541 1843 S.
1586 1813 1626 1842 Y.
1671 1812 1714 1842 H.

1507 2166 1528 2195 s
1582 2164 1623 2194 Y.
1668 2163 1701 2192 H

1511 2569 1532 2599 s
1566 2567 1655 2607 (Y.)*
1676 2586 1712 2589 -

1507 2771 1528 2801 s
1581 2771 1622 2800 Y.
1665 2770 1700 2799 H
