1979 3348
267 213 349 256 178
799 207 1030 252 Orationes
1062 206 1335 249 Communes.

344 321 505 360 Secreta.

343 375 489 424 Hujus,
512 387 748 424 quaesumus,
771 372 952 418 Domine,
973 371 1122 408 virtute
1146 370 1335 420 mysterii,
1356 374 1396 407 et
1415 383 1437 407 a
1457 370 1601 407 nostris
1625 368 1862 406 mundemur

262 429 423 466 occultis
443 435 482 465 et
502 430 552 465 ab
571 428 821 464 inimicorum
840 430 1064 463 nostrorum
1083 425 1295 462 liberemur
1313 424 1477 461 insidiis.
1537 424 1614 461 Per
1631 422 1857 460 Dominum.

341 491 511 528 Postcom
520 490 662 527 munio.

341 544 533 581 Vivificet
556 557 639 590 nos,
666 555 901 591 quaesumus‚
932 541 1113 587 Domine,
1142 540 1394 589 participatio
1423 540 1483 576 tui
1508 543 1642 576 sancta
1670 538 1858 588 mysterii,

262 603 302 635 et
331 599 479 648 pariter
505 597 619 634 nobis
648 597 914 646 expiationem
942 595 1094 631 tribuat
1127 599 1167 630 et
1200 594 1412 630 munimen.
1472 593 1549 630 Per
1579 593 1863 630 Dominum.—

267 651 403 704 Mss]

856 750 1040 804 [CONTRA
1069 752 1273 788 PAGANos.

346 808 491 846 Oratio.

345 862 516 899 Domine
541 861 661 906 Deus,
682 860 752 910 qui
776 861 826 897 ad
850 860 922 897 hoc
947 859 1123 897 irasceris
1143 863 1189 896 ut
1213 859 1312 895 iram
1332 862 1442 895 tuam
1461 859 1703 905 submoveas,
1724 857 1774 895 ad
1791 857 1863 894 hoc

263 916 439 963 minaris,
474 920 520 952 ut
552 928 708 964 parcas:
752 914 872 964 lapsis
905 927 1066 950 manum
1099 914 1253 963 porrige
1284 917 1323 949 et
1351 913 1621 949 laborantibus
1654 911 1865 961 multiplici

265 971 516 1007 miseratione
545 982 737 1014 succurre,
769 973 815 1005 ut
847 972 1004 1017 gentem
1039 967 1249 1017 Paganam,
1282 980 1399 1016 quam
1427 980 1497 1016 pro
1526 966 1692 1016 peccatis
1719 966 1865 1002 nostris

263 1038 383 1073 super
418 1037 489 1060 nos
527 1023 793 1072 cognoscimus
827 1022 1051 1071 praevalere,
1071 1025 1112 1057 te
1143 1021 1363 1068 miserante,
1387 1022 1529 1071 jubeas
1557 1033 1714 1057 cessare.
1787 1019 1865 1056 Per

266 1079 493 1115 Dominum.

347 1132 507 1170 Secreta.

350 1185 558 1229 Sacrificio,
586 1183 769 1229 Domine,
790 1183 893 1231 quod
917 1182 1162 1219 immolamus
1189 1182 1358 1229 intende,
1382 1186 1428 1218 ut
1452 1182 1501 1218 ab
1521 1182 1695 1218 omnium
1717 1181 1865 1230 Pagan-

270 1253 382 1276 orum
421 1252 492 1275 nos
529 1242 650 1274 exuat
682 1237 874 1273 bellorum
906 1236 1084 1286 nequitia
1117 1239 1157 1272 et
1189 1236 1231 1272 in
1263 1240 1341 1273 tuae
1372 1236 1625 1285 protectionis
1658 1235 1864 1272 securitate

270 1293 495 1330 constituat.
554 1291 632 1327 Per
652 1291 879 1327 Dominum.

350 1345 672 1383 Postcowmmmio.

351 1401 554 1437 Protector
572 1403 716 1445 noster,
737 1398 875 1448 aspice,
897 1397 1016 1445 Deus,
1032 1401 1072 1434 et
1087 1410 1110 1434 a
1129 1397 1376 1446 Paganorum
1391 1410 1462 1434 nos
1476 1397 1640 1434 defende
1658 1396 1841 1447 periculis
1856 1409 1866 1442 ;

268 1459 315 1491 ut
342 1455 450 1491 omni
478 1453 773 1503 perturbatione
802 1452 994 1498 submota,
1014 1451 1148 1488 liberis
1175 1452 1250 1488 tibi
1277 1451 1476 1488 mentibus
1500 1451 1724 1488 serviamus.
1789 1450 1867 1487 Per

268 1505 690 1558 Dominum—MSS]

698 1643 865 1680 CONTRA
893 1642 1185 1680 ADVERSARms
1215 1642 1434 1680 ECCLESIAE.

350 1697 494 1736 Oratio.

348 1752 530 1789 Ecclesiae
572 1756 661 1796 tuae,
706 1763 938 1800 quaesumus,
984 1750 1166 1796 Domine,
1211 1763 1342 1799 preces
1384 1749 1561 1799 placatus
1600 1749 1777 1795 admitte,
1820 1754 1864 1786 ut

266 1806 477 1844 destructis
501 1806 804 1842 adversitatibus
829 1808 868 1841 et
892 1804 1087 1840 erroribus
1107 1804 1313 1850 universis,
1336 1817 1471 1841 secura
1490 1804 1564 1840 tibi
1589 1803 1733 1840 serviat
1752 1803 1865 1840 liber-

267 1865 357 1898 tate.
417 1860 503 1896 Per.

346 1914 504 1951 Secreta.

346 1968 512 2015 Protege
531 1980 614 2013 nOS,
637 1967 818 2012 Domine,
839 1978 1073 2014 quaesumus,
1094 1964 1175 2001 tuis
1195 1964 1390 2014 mysteriis
1410 1965 1636 2010 servientes,
1653 1968 1700 2002 ut
1719 1965 1864 2002 divinis

262 2022 378 2060 rebus
397 2026 437 2058 et
455 2034 613 2070 corpore
632 2020 869 2056 famulemur
887 2023 926 2056 et
947 2023 1088 2056 mente.
1148 2019 1226 2056 Per
1246 2019 1472 2056 Dominum.

343 2075 665 2113 postcommunio.

346 2130 587 2175 Quaesumus,
602 2127 772 2164 Domine
787 2127 895 2163 Deus
914 2130 1058 2173 noster,
1074 2130 1120 2163 ut
1138 2139 1233 2176 quos
1252 2126 1386 2163 divina
1405 2126 1547 2163 tribuis
1565 2126 1862 2177 participatione

261 2184 440 2233 gaudere,
462 2183 646 2219 humanis
664 2195 744 2218 non
763 2181 867 2218 sinas
885 2181 1084 2230 subjacere
1103 2180 1296 2230 periculis.
1356 2180 1443 2218 Per.

765 2334 852 2371 PRO
883 2334 1124 2372 CONCORDIA
1153 2334 1366 2371 FRATRUM.

347 2390 491 2428 Oratio.

345 2445 464 2490 Deus,
485 2443 648 2492 largitor
675 2442 780 2492 pacis
810 2445 850 2478 et
879 2445 1030 2478 amator
1058 2442 1245 2488 caritatis,
1277 2442 1327 2478 da
1356 2442 1478 2478 servis
1507 2442 1586 2479 tuis
1615 2455 1747 2479 veram
1773 2456 1861 2479 cum

264 2504 336 2535 tua
355 2499 560 2534 voluntate
579 2496 835 2542 concordiam,
855 2500 901 2532 ut
920 2496 970 2532 ab
989 2496 1170 2532 omnibus
1199 2509 1285 2545 quae
1313 2508 1384 2533 nos
1402 2496 1560 2545 pulsant
1579 2497 1863 2534 tentationibus

264 2553 485 2589 liberemur.
545 2551 621 2587 Per
640 2550 866 2587 Dominum.

346 2613 505 2652 Sparata,

348 2668 428 2704 His
455 2666 663 2711 sacrificiis,
685 2665 864 2711 Domine,
892 2678 1124 2714 quaesumus,
1147 2665 1310 2702 concede
1337 2665 1523 2714 placatus,
1544 2668 1590 2701 ut
1609 2665 1677 2714 qui
1698 2666 1863 2715 propriis

267 2735 421 2759 oramus
441 2720 591 2757 absolvi
612 2720 774 2766 delictis,
794 2732 873 2755 non
891 2732 1101 2768 gravemur
1112 2720 1294 2756 externis.
1354 2719 1431 2755 Per
1445 2719 1660 2755 Dominum
1671 2725 1860 2758 nostrum,

347 2782 666 2820 Postcommmzio.

348 2838 501 2881 Libera,
522 2848 604 2880 nos,
628 2832 808 2880 Domine,
829 2847 1060 2883 quaesumus,
1076 2835 1125 2870 ab
1145 2835 1252 2870 omni
1271 2834 1374 2871 malo
1393 2834 1663 2884 propitiusque
1682 2835 1858 2881 concede,

268 2895 314 2928 ut
332 2905 418 2941 quae
438 2891 549 2926 nobis
568 2889 760 2938 poscimus
779 2888 961 2937 relaxari,
981 2888 1057 2938 ipsi
1076 2902 1231 2939 quoque
1253 2888 1444 2938 proximis
1467 2889 1725 2926 remittamus.
1784 2888 1861 2926 Per

268 2946 483 2983 Dominum
503 2948 692 2981 nostrum.
