1979 3348
625 224 687 266 De
717 229 865 268 saneto
895 223 1109 266 Antonio.
1436 272 1439 275 ,
1582 229 1662 270 235

479 336 565 380 Quo
584 336 667 372 viso
687 349 869 386 serpens
859 336 1056 385 antiquus,

531 389 679 426 Chiisti
698 402 809 426 servo
829 390 1020 434 inimicus,

584 443 784 492 P1aepa1at
802 443 987 484 insidias·
977 473 988 489 ,

478 496 626 533 Cellam
645 496 751 533 subit
769 497 850 533 sine
870 509 988 541 mora,

529 550 582 587 Et
600 550 710 599 quasi
729 550 838 599 virgo
858 550 995 587 decora

581 603 666 640 Sibi
685 604 753 640 dat
771 604 990 640 blanditias.

475 665 562 710 Quo
581 669 788 714 comperto,
809 665 919 701 miles
938 665 1052 701 fortis

525 718 678 767 Inquit,
700 718 820 765 Cuba,
841 718 961 754 fomes
980 718 1128 763 mortis,

579 772 703 821 Super
721 772 782 808 his
801 772 1044 808 carbonibus.

470 825 634 862 Daemon
654 825 756 875 fugit
774 825 1025 874 perturbatus
1038 839 1048 871 3

524 879 633 923 Mox,
654 879 892 915 daemonibus
912 879 1078 928 stipatus

575 933 697 969 Hunc
717 932 831 969 caedit
851 932 1084 969 verberibus.

467 995 640 1044 Jejuniis
658 999 884 1039 maceratus,

521 1048 719 1085 Mundum
732 1061 926 1098 spernens,
942 1048 1098 1086 Christo
1113 1054 1258 1099 gratus,

574 1101 711 1139 Carnis
730 1102 848 1139 solvit
867 1102 1043 1139 debitum
1059 1116 1068 1148 ;

467 1155 662 1205 Quicquid
679 1156 768 1205 igne
787 1155 1007 1193 trucidatur

519 1209 748 1256 Gehennali,
769 1209 960 1246 liberatur

572 1263 632 1300 Ob
651 1263 772 1312 ipsius
791 1264 986 1300 meritum.

467 1324 586 1362 Nunc
605 1326 778 1362 exsultat
796 1325 1004 1372 laureatus,

516 1379 625 1416 Stola
643 1379 735 1416 vitae
755 1379 967 1425 decoratus,

569 1433 620 1469 In
639 1433 781 1470 caelesti
801 1434 970 1470 culmine
984 1447 994 1480 3

461 1485 663 1523 Thronum
683 1500 841 1523 summae
861 1486 1075 1536 majestatis

514 1540 615 1577 Cum
634 1541 835 1590 spiritibus
855 1541 976 1577 beatis

567 1593 677 1631 Laeto
697 1594 821 1631 cernit
841 1594 997 1631 lumine.

458 1655 532 1692 Pie
550 1659 662 1705 pater
680 1656 857 1705 pretiose,

515 1709 653 1746 Funde
672 1722 802 1758 preces
822 1710 972 1758 copiose

565 1763 725 1800 Summo
745 1763 826 1813 regi
845 1763 976 1813 gloriae

450 1817 529 1854 Pro
547 1817 731 1866 praesenti
751 1818 945 1863 concione,

503 1870 565 1908 Ut
583 1871 626 1907 in
644 1871 727 1907 caeli
746 1871 902 1920 regione

555 1924 682 1961 Melos
700 1931 815 1962 canat
832 1925 976 1973 gratiae.

134 2005 352 2043 Secundum
371 2006 602 2043 Mamaeam
620 2005 719 2053 (xcix.
738 2005 890 2055 27-29).

136 2059 187 2096 In
206 2059 274 2096 illo
293 2064 478 2110 tempore,
499 2060 616 2096 Dixit
636 2060 771 2096 Simon
792 2059 933 2096 Petrus
953 2060 1002 2096 ad
1020 2060 1049 2097 J
1051 2073 1158 2097 esum
1172 2074 1182 2107 3
1207 2061 1306 2098 Ecce
1325 2075 1395 2100 nos
1414 2063 1643 2112 reliquimus

54 2126 173 2161 usque
193 2114 246 2150 ad
264 2114 490 2163 centuplum
509 2113 683 2162 accipiet,
706 2117 745 2150 et
764 2114 888 2150 vitam
907 2118 1090 2151 aeternam
1110 2115 1332 2164 possidebit.

137 2177 390 2224 Offertorz’mn.

132 2230 294 2268 Veritas
313 2245 398 2269 mea
418 2235 458 2269 et
476 2231 739 2269 misericordia
758 2245 843 2269 mea
862 2245 950 2268 cum
969 2232 1053 2282 ipso
1069 2246 1076 2269 :
1096 2236 1135 2270 et
1153 2233 1196 2269 in
1214 2235 1371 2272 nomine
1392 2248 1475 2273 meo
1495 2236 1641 2274 exalta-

51 2284 160 2322 bitur
179 2298 299 2322 cornu
317 2286 411 2335 ejus.

130 2349 288 2387 Secreta.

133 2402 372 2441 Sacrificium
406 2407 594 2450 nostrum,
631 2416 862 2453 quaesumus,
899 2404 1081 2452 Domine,
1112 2406 1303 2454 bemgnus
1335 2407 1520 2456 intende·
1563 2422 1640 2458 quo

51 2456 152 2493 sicut
170 2457 276 2494 beati
293 2458 465 2494 Antonii
483 2458 660 2507 piecibus
679 2458 874 2495 ciuciatus
888 2462 1047 2508 tempor
1041 2459 1120 2495 ales
1139 2472 1275 2496 sanare
1303 2473 1383 2498 non
1408 2462 1564 2510 desinis,
1584 2463 1640 2500 ita

50 2510 144 2547 exui
163 2511 464 2549 misericorditer
482 2511 734 2561 impetremus
752 2512 802 2548 ab
821 2513 985 2549 aeteinis.
1045 2512 1130 2550 Per.

132 2574 372 2614 Communw.

130 2628 275 2666 Beatus
308 2642 442 2667 servus
476 2642 604 2679 quem,
626 2643 716 2667 cum
747 2630 911 2675 venerit,
947 2630 1126 2668 dominus
1154 2632 1353 2670 invenerit
1382 2635 1635 2685 vigilantem.

47 2695 172 2729 amen,
193 2683 279 2720 dico
298 2683 431 2721 vobis:
463 2696 582 2734 super
599 2683 730 2720 omnia
749 2684 851 2721 bona
869 2697 939 2721 sua
958 2685 1170 2723 constituet
1189 2699 1288 2724 eum.

128 2748 447 2786 Postcommunio.

132 2801 264 2839 Prosit
306 2802 430 2850 nobis,
477 2803 659 2849 Domine,
697 2802 747 2839 ad
790 2803 955 2840 salutem
997 2804 1096 2841 sacri
1136 2806 1309 2843 muneris
1352 2806 1523 2844 oblatio·
1514 2837 1524 2854 ,
1569 2821 1637 2857 per

39 2867 178 2903 quam,
204 2856 309 2893 beati
332 2856 505 2894 Antonii
530 2856 625 2893 fulti
649 2856 844 2907 suffragio,
871 2857 1046 2907 exemplo
1070 2858 1192 2908 ipsius
1221 2860 1352 2897 omnia
1379 2860 1459 2897 tela
1485 2862 1637 2911 nequis

47 2909 135 2945 simi
187 2909 473 2959 extinguentes,
528 2914 751 2947 sanctorum
801 2923 1018 2948 mereamim
1068 2912 1229 2963 adjungi
1281 2915 1482 2951 consortio.
1560 2915 1637 2953 Per

48 2961 273 3000 Dominum.
