1979 3348
626 235 689 276 I‘n
710 234 871 277 Natali.
891 234 1034 276 ‘misus
1056 234 1289 290 Martyris,
1670 240 1750 279 139

239 344 365 381 Aliud
386 344 570 393 Officium.

240 397 293 434 In
321 398 469 434 virtute
500 402 578 445 tua,
601 399 780 445 Domine,
802 399 1003 436 laetabitur
1027 400 1183 448 justus:
1224 402 1263 435 et
1295 411 1410 447 super
1441 399 1609 436 salutare
1638 403 1752 437 tuum

160 451 374 488 exsultabit
391 452 643 488 vehementer
659 467 666 489 z
694 453 928 489 desiderium
947 453 1087 489 animae
1107 454 1190 502 ejus
1209 453 1387 488 tribuisti
1407 452 1452 489 ei.

241 513 436 549 Psalmus.
497 513 550 549 Et
568 514 773 550 voluntate
792 514 984 551 labiorum
1005 515 1108 563 ejus:
1128 528 1207 551 non
1226 514 1416 550 fraudasti
1436 528 1534 552 eum.

239 571 368 608 Aliud
391 571 578 620 Officium.

241 625 269 662 -J
271 629 381 662 ustus
418 630 463 662 ut
508 626 636 675 palma
681 626 846 672 florebit,
887 626 987 663 sicut
1033 627 1167 663 cedrus
1214 627 1357 663 Libani
1402 627 1729 676 multiplicabitur
1746 644 1752 665 ς

162 679 361 728 plantatus
380 680 422 715 in
441 680 554 716 domo
574 680 746 726 Domini,
768 680 810 716 in
829 680 940 716 atriis
960 680 1097 716 domus
1117 681 1194 717 Dei
1213 681 1347 717 nostri.

242 737 296 774 In
317 744 476 787 tempore
495 738 690 785 Paschali,
711 738 908 787 Alleluya,
931 738 1109 787 alleluya.

242 792 432 829 Psalmus.

243 845 396 882 Bonum
417 849 475 882 est
494 845 671 882 confiteri
691 845 862 882 Domino
879 860 886 882 :
915 850 955 882 et
973 845 1136 895 psallere
1155 846 1307 882 nomini
1325 850 1405 894 tuo,
1428 847 1626 885 altissime.

242 899 367 935 Aliud
388 899 573 947 Officium.

241 953 382 989 Justus
410 965 489 989 non
517 953 827 1001 conturbabitur,
849 953 940 1002 quia
963 953 1157 989 Dominus
1185 954 1315 990 firmat
1343 967 1503 990 manum
1531 955 1639 1003 ejus:
1669 958 1753 992 tota

161 1006 223 1042 die
255 1006 462 1043 miseretur
496 1009 535 1042 et
565 1007 805 1043 commodat:
848 1012 887 1043 et
919 1020 1051 1044 semen
1080 1007 1187 1043 illius
1218 1008 1261 1043 in
1294 1008 1562 1045 benedictione
1593 1009 1680 1054 erit,
1710 1010 1751 1045 in

162 1063 350 1096 aeternum
371 1061 674 1098 conservabitur.

243 1113 431 1150 Psahnus.

242 1167 338 1203 Noli
371 1168 546 1205 aemulari
577 1169 619 1204 in
652 1168 981 1217 malignantibus:
1025 1182 1149 1217 neque
1179 1169 1363 1206 zelaveris
1393 1169 1578 1206 facientes
1611 1170 1753 1219 iniqui-

160 1224 294 1258 tatem.

241 1274 368 1311 Aliud
389 1275 573 1323 Officium.

243 1328 376 1365 Gloria
407 1333 446 1366 et
476 1330 620 1366 honore
653 1330 847 1367 coronasti
878 1343 990 1366 eum:
1031 1335 1069 1366 ct
1100 1330 1339 1366 constituisti
1372 1343 1461 1367 eum
1491 1344 1607 1380 super
1636 1345 1752 1380 opera

162 1394 350 1418 manuum
369 1388 536 1419 tuarum.

242 1436 433 1473 Psalmus.

241 1489 410 1526 Domine
444 1491 638 1527 Dominus
668 1495 823 1528 noster:
867 1504 984 1540 quam
1021 1491 1247 1527 admirabile
1286 1495 1344 1527 est
1382 1504 1523 1528 nomen
1560 1496 1673 1529 tuum
1710 1493 1751 1528 in

161 1543 344 1580 universa
362 1548 476 1581 terra.

240 1598 293 1633 Εὐ
322 1598 518 1634 sciendum
542 1598 644 1645 quod
669 1597 800 1633 omnia
818 1598 960 1645 Officia,
985 1598 1200 1646 Qffcrtorz'a,
1222 1605 1255 1634 et
1277 1598 1584 1644 Comnmmz'oncs,
1610 1606 1686 1635 tam
1708 1600 1753 1635 (lc

159 1650 284 1687 Pestis
320 1665 437 1699 quam
470 1652 515 1687 de
548 1651 699 1687 servitio
737 1652 1066 1701 Pascleale'‚usqvc
1095 1653 1148 1688 ad
1176 1652 1334 1688 Festum
1363 1652 1512 1689 ›S‘cmctcc
1543 1653 1753 1690 Trinitatis

159 1705 290 1741 debent
310 1705 514 1742 terminari
533 1718 616 1742 cum
634 1705 832 1754 Alleluya.

243 1757 386 1795 Oratio.

239 1812 399 1858 Praesta,
421 1825 651 1861 quaesumus,
674 1812 921 1861 omnipotens
950 1813 1068 1859 Deus,
1091 1817 1137 1850 ut
1166 1814 1233 1863 qui
1261 1814 1366 1850 beati
1394 1815 1446 1850 N.
1477 1815 1661 1863 martyris
1689 1815 1750 1851 tui

158 1866 340 1902 natalitia
368 1866 539 1913 colimus,
560 1867 835 1903 intercessione
867 1867 950 1915 ejus
980 1867 1022 1903 in
1054 1867 1115 1903 tui
1147 1868 1317 1904 nominis
1347 1881 1477 1905 amore
1510 1870 1748 1905 roboremur.

160 1919 237 1955 Per
256 1920 472 1956 Dominum
490 1924 668 1956 nostrum
688 1920 715 1957 J
718 1934 826 1957 esum
847 1920 1060 1958 Christum.

238 1981 364 2018 Lectio
385 1982 474 2018 libri
493 1982 695 2030 Sapientia
718 1982 890 2031 (Ecclus.
912 1982 986 2020 miv.
1011 1983 1060 2019 22
1076 1996 1085 2028 3
1113 1997 1170 2021 σευ.
1196 1984 1257 2019 3-6
1264 1983 1293 2032 )

239 2035 384 2072 Beatus
403 2036 475 2082 vir,
494 2037 561 2085 qui
580 2036 622 2072 in
641 2036 834 2084 sapientia
852 2036 1080 2083 morabitur,
1098 2041 1138 2073 et
1157 2038 1225 2085 qui
1244 2038 1287 2073 in
1301 2038 1460 2087 justitia
1479 2037 1747 2083 meditabitur,

158 2093 197 2126 et
216 2089 258 2125 in
277 2103 392 2126 sensu
411 2090 598 2138 cogitabit
617 2090 1000 2139 circumspectionem
1023 2090 1109 2129 Dei.
1169 2092 1327 2128 Cibabit
1344 2092 1457 2128 illum
1477 2105 1577 2140 pane
1597 2092 1688 2127 vitae
1710 2096 1751 2127 et

156 2143 379 2179 intellectus
392 2156 403 2190 3
432 2148 470 2179 et
490 2157 591 2192 aqua
619 2144 818 2192 sapientiae
838 2144 1019 2180 salutaris
1038 2145 1190 2193 potabit
1209 2145 1333 2182 illum.
1392 2146 1445 2181 Et
1464 2146 1688 2181 firmabitur
1706 2145 1747 2181 in

156 2196 237 2242 illo,
276 2201 315 2233 et
352 2210 431 2233 non
468 2197 668 2234 flectetur:
718 2201 757 2234 et
794 2198 1010 2234 continebit
1046 2199 1160 2234 illum
1193 2202 1232 2234 et
1269 2212 1349 2235 non
1382 2199 1668 2245 confundetur3
1710 2203 1751 2235 et

157 2251 350 2287 exaltabit
382 2251 495 2286 illum
527 2252 631 2300 apud
662 2251 860 2300 proximos
893 2265 992 2288 suos.
1061 2252 1114 2288 Et
1143 2252 1302 2289 nomine
1335 2256 1481 2289 aeterno
1513 2253 1750 2289 hereditabit

157 2304 270 2341 illum
290 2304 484 2341 Dominus
504 2305 612 2341 Deus
630 2309 770 2342 noster.

239 2366 368 2403 Lectio
388 2366 478 2403 libri
496 2366 705 2415 Sapientis&
723 2367 893 2417 (Ecclus.
917 2367 1018 2404 oeaeaez‘.
1042 2368 1128 2404 8-11
1136 2368 1167 2417 )

238 2420 385 2457 Beatus
399 2421 470 2466 vir,
489 2421 557 2469 qui
576 2421 760 2457 inventus
780 2425 837 2458 est
857 2421 940 2458 sine
960 2422 1122 2467 macula,
1147 2426 1186 2458 et
1201 2421 1269 2470 qui
1288 2425 1377 2470 post
1396 2435 1535 2458 aurum
1554 2435 1633 2458 non
1652 2422 1752 2458 abiit

160 2488 277 2522 usque
296 2475 349 2510 ad
368 2479 407 2510 et
427 2474 687 2522 eleemosynas
705 2475 812 2511 illius
831 2475 1029 2512 enarrabit
1048 2476 1174 2511 onmis
1194 2475 1351 2512 ecclesia
1371 2480 1603 2512 sanctorum.

239 2535 368 2573 Lectio
388 2535 478 2572 libri
496 2536 703 2585 Sapientis&
722 2536 792 2586 (iv.
819 2536 943 2587 7-15).

238 2590 267 2627 J
270 2594 380 2626 ustus
399 2590 431 2626 si
450 2595 577 2626 morte
605 2594 894 2639 praeoccupatus
922 2591 1041 2627 fuerit
1065 2604 1182 2639 usquc
1203 2592 1256 2628 acl
1275 2596 1313 2628 et
1333 2596 1530 2641 respectus
1550 2592 1592 2628 in
1610 2592 1751 2629 electos

159 2642 274 2680 illius.

238 2697 366 2734 Lectio
386 2697 476 2734 libri
494 2696 703 2746 Sapientia}
722 2699 780 2747 (ω.
806 2698 957 2748 10-14).

238 2751 266 2787 J
269 2755 401 2787 ustum
422 2751 586 2788 deduxit
614 2751 808 2788 Dominus
837 2766 954 2800 usquc
983 2753 1035 2788 ad
1063 2756 1102 2788 et
1121 2752 1229 2789 dedit
1247 2753 1306 2789 illi
1325 2753 1541 2790 claritatem
1564 2758 1749 2790 {eternam

161 2803 353 2841 Dominus
374 2805 482 2842 Deus
500 2809 640 2842 noster.

239 2865 366 2903 Lectio
386 2867 567 2916 Epis-tole&
586 2867 685 2904 beati
704 2867 825 2903 Pauli
843 2867 1040 2916 Apostoli:
1069 2867 1134 2904 Ad
1154 2867 1375 2905 Corinthios
1394 2868 1416 2919 (
1419 2870 1442 2905 2
1463 2883 1494 2906 v.
1520 2868 1648 2918 l-ll).

239 2919 395 2956 Fratres
411 2935 418 2957 z
448 2921 598 2957 Scimus
617 2921 803 2969 quoniam
833 2921 866 2957 si
896 2922 1094 2957 terrestris
1122 2922 1259 2959 domus
1287 2937 1405 2971 usquc
1437 2923 1490 2959 ad
1521 2921 1749 2959 manifestos

160 2984 229 3008 nos
249 2985 337 3019 esse,
361 2973 437 3010 Per
455 2974 482 3011 J
485 2987 593 3011 esum
614 2974 816 3011 Christum
835 2975 1052 3011 Dominum
1071 2980 1259 3013 nostrum.
