1979 3348
774 230 950 286 Hyries.
1576 231 1658 271 243

847 353 880 389 I.

654 422 877 468 CoNn1TOR‚
911 422 1063 460 Kmm.

415 486 524 524 (York,
538 486 657 524 Sarum,
671 486 733 515 and
744 486 907 524 Ilerejforcl,
921 485 984 514 and
995 485 1064 514 MS.
1079 484 1192 523 Bodley
1206 485 1287 522 775.)

170 543 371 590 Conditor,
393 543 533 592 Kyrie,
554 543 740 587 omnium,
759 556 879 592 ymas,
902 547 1181 587 creaturarum,
1200 541 1365 590 eleyson.

169 598 230 634 Tu
249 601 382 634 nostra
401 597 533 634 delens
552 597 729 643 crimina,
749 597 861 633 nobis
880 596 1118 633 incessanter
1136 596 1302 645 eleyson.

170 651 233 688 Ne
253 651 355 688 sinas
374 651 500 699 perire
519 650 713 688 facturam
732 655 854 696 tuam,
876 650 941 687 sed
961 650 1129 687 clemens
1148 649 1184 686 ei
1201 649 1370 697 eleyson.

172 704 337 751 Christe,
360 704 493 741 Patris
511 705 637 751 unice,
658 708 776 740 natus
795 704 842 740 de
861 703 1027 753 virgine,
1048 703 1160 739 nobis
1179 703 1344 751 eleyson.

171 758 369 798 Mundum
387 758 583 807 perditum
603 758 673 807 qui
690 762 760 794 tuo
778 757 967 805 sanguine
986 756 1146 793 salvasti
1165 756 1211 793 de
1231 760 1366 802 morte,
1381 755 1548 805 eleyson.

171 812 239 849 Ad
257 816 296 848 te
314 824 419 848 1111110
438 812 678 848 clamantum
695 824 825 860 preces
845 811 1069 857 exaudiens,
1089 810 1175 859 pius
1195 809 1362 859 eleyson.

172 866 343 915 Spiritus
362 865 475 912 alme,
495 869 565 901 tua
583 878 653 902 nos
672 864 777 914 reple
795 865 935 914 gratia,
955 864 1121 913 eleyson.

172 921 213 956 A
232 919 352 956 Patre
371 923 411 955 et
429 923 523 955 nato
543 919 611 967 qui
630 931 764 955 manas
778 917 941 967 jugiter,
962 918 1075 955 nobis
1094 918 1260 967 eleyson.

173 973 346 1009 Trinitas
365 985 455 1018 una,
475 972 581 1008 trina
599 972 743 1017 unitas,
764 972 881 1008 simul
901 971 1107 1017 adoranda,

173 1027 411 1063 Nostrorum
431 1026 617 1063 scelerum
636 1025 767 1063 vincla
785 1025 934 1062 resolve
953 1025 1147 1062 redimens
1166 1038 1189 1062 a
1207 1028 1345 1063 morte.

174 1080 320 1117 Omnes
339 1080 619 1130 proclamemus
638 1093 743 1117 nunc
762 1092 855 1117 voce
875 1079 1068 1125 dulciflua,
1091 1079 1210 1126 Deus,
1231 1079 1396 1131 eleyson.

836 1183 894 1222 II.

640 1254 873 1293 PUERORUM
901 1265 1096 1292 CATERVA.

688 1318 792 1356 (Yorlc
807 1317 869 1347 ancl
882 1317 1062 1356 IIeoefhnb)

70 1375 289 1413 Puerorum
308 1379 465 1411 caterva
481 1374 690 1424 jubilando
710 1388 802 1411 voce
822 1388 962 1411 sonora
981 1376 1120 1411 offerat
1138 1375 1332 1424 praeconia
1351 1374 1519 1421 Christo,
1542 1374 1611 1411 eia.

71 1430 304 1467 Sanctorum
330 1429 373 1464 in
398 1428 544 1465 honore
570 1429 860 1475 Innocentium,
882 1442 1048 1478 quorum
1077 1429 1192 1466 hodie
1221 1428 1511 1466 concelebratur
1530 1428 1670 1465 devote

177 1483 322 1519 festum
341 1482 387 1519 de
407 1486 542 1520 morte.

72 1537 253 1573 Puritate
273 1536 395 1572 animi
414 1536 604 1572 festinans
625 1549 688 1573 eos
708 1535 869 1583 imitari,
892 1549 1008 1586 quam
1028 1540 1122 1572 sunt
1140 1535 1256 1583 beati,
1279 1537 1393 1573 corde
1413 1536 1544 1573 nitidi.

73 1591 160 1627 Hos
180 1590 358 1626 Herodes
378 1590 478 1626 latro
497 1589 700 1638 pessimus,
719 1589 900 1626 frendens
924 1594 970 1627 ut
995 1590 1065 1635 leo,
1087 1590 1291 1626 mandavit
1322 1603 1454 1627 omnes
1479 1589 1565 1626 dari
1593 1590 1671 1627 leto

179 1657 250 1693 pro
268 1643 434 1692 virginis
454 1643 557 1680 Filio
576 1647 670 1680 nato
689 1644 732 1680 in
751 1644 908 1680 mundo.

75 1698 179 1747 Ergo
197 1697 247 1734 ad
265 1697 428 1733 vulnera
447 1710 555 1733 sacra
577 1698 793 1734 trahuntur
820 1698 994 1747 pignora,
1015 1701 1159 1734 matres
1178 1697 1274 1734 dant
1295 1711 1407 1735 voces
1435 1697 1485 1734 ad
1514 1698 1669 1744 aethcra,

181 1751 363 1788 ferientes
382 1751 513 1788 tristia
530 1751 671 1800 pugnis
689 1755 856 1801 pectora.

74 1805 232 1842 Timens
251 1805 333 1854 ejus
353 1809 442 1841 ortu
462 1808 667 1854 sceptrum,
690 1818 767 1854 quo
797 1809 981 1854 regnarat
1000 1804 1080 1851 diu,
1103 1805 1284 1842 amittere
1312 1819 1401 1842 cum
1430 1804 1669 1855 principatu,

182 1859 291 1908 cujus
311 1858 461 1896 excelsa
480 1871 599 1895 manu
619 1863 703 1896 erat
722 1859 894 1895 inflatus.

75 1913 205 1959 Nunc,
227 1912 262 1949 O
284 1912 411 1961 Kyrie
434 1913 542 1961 juste
562 1916 602 1949 et
619 1926 691 1950 rex
709 1913 784 1962 pie,
806 1925 937 1950 servos
957 1917 1138 1950 canentes
1158 1913 1317 1962 respice,
1339 1918 1378 1950 et
1408 1914 1547 1951 horum
1576 1926 1672 1963 quos

182 1966 385 2003 laudamus
404 1978 527 2015 prece,
548 1966 660 2003 nobis
679 1968 814 2016 gratia}
834 1971 912 2003 tuae
933 1967 1066 2003 lumen
1084 1967 1258 2004 infunde.

78 2022 165 2065 Quo
185 2020 285 2057 celsa
302 2020 383 2069 poli
402 2020 684 2069 complacentes
703 2021 778 2057 tibi
797 2034 886 2057 011111
904 2021 1036 2057 fructu
1049 2021 1174 2070 operis
1192 2021 1286 2058 boni
1305 2034 1523 2058 mereamur
1542 2021 1674 2058 scand-

183 2087 245 2110 ere
264 2073 365 2123 puri,
386 2073 433 2110 de
452 2074 575 2110 hostis
594 2074 823 2123 nequissimi
844 2074 954 2111 fauce
973 2075 1097 2124 erepti
1112 2087 1123 2121 ς

78 2127 143 2165 Ibi
167 2141 255 2164 cum
280 2140 386 2164 sacro
411 2126 636 2176 angelorum
666 2128 783 2165 choro
810 2128 1013 2165 laudemus
1041 2132 1082 2165 te
1110 2129 1224 2166 corde
1252 2133 1337 2166 toto
1366 2129 1408 2165 in
1436 2129 1672 2166 laudationis

180 2181 309 2230 jubilo
329 2185 369 2218 et
388 2181 493 2218 vocis
511 2181 687 2231 tripudio
706 2182 845 2227 fantes,
865 2181 1030 2231 eleyson.

832 2287 916 2325 III.

708 2357 800 2395 Lux
828 2369 878 2395 ΕΤ
906 2359 1069 2396 011100.θέ

629 2420 736 2458 (Yo'rlc,
750 2420 869 2458 Sarum,
884 2421 947 2450 aad
957 2421 1133 2460 Ilerqurd.)

243 2478 331 2514 Lux
352 2481 391 2514 et
411 2478 518 2528 origo
537 2478 646 2524 111018,
666 2492 816 2516 8111111110
835 2479 953 2525 Deus,
976 2480 1140 2529 eleyson.

244 2532 295 2568 In
314 2533 424 2581 cujus
442 2537 542 2569 nutu
562 2537 743 2569 constant
761 2537 902 2570 cuncta
919 2546 1081 2583 semper,
1105 2534 1269 2583 eleyson.

245 2585 323 2630 Qui
342 2585 444 2622 solus
463 2591 572 2635 potes
591 2586 774 2632 misereri,
795 2587 907 2624 nobis
926 2587 1090 2636 eleyson.

243 2639 485 2689 Redemptor
503 2640 679 2676 omnium
699 2645 738 2677 et
757 2641 860 2677 salus
880 2654 1025 2687 eorum,
1048 2642 1214 2691 benigne
1234 2643 1345 2680 nobis
1363 2643 1528 2693 eleyson.

246 2693 323 2730 Per
341 2706 493 2730 crucem
512 2694 705 2743 redempti
723 2707 746 2730 a
764 2698 889 2731 morte
908 2695 1071 2743 perenni
1090 2699 1129 2732 te
1148 2709 1366 2743 exoramus,
1387 2698 1552 2747 eleyson.

248 2747 326 2791 Qui
344 2760 383 2784 es
403 2747 582 2784 Verbum
603 2748 745 2793 Patris,
766 2752 872 2785 sator
889 2748 1058 2797 pietatis,
1081 2749 1151 2785 lux
1170 2751 1360 2797 veritatis,
1382 2752 1547 2801 eleyson.

248 2801 452 2847 Paraclite,
474 2801 644 2851 Spiritus
665 2801 815 2847 Sancte,
837 2802 954 2849 Deus,
977 2803 1088 2839 nobis
1108 2803 1272 2853 eleyson.

249 2854 448 2891 Medicina
466 2859 601 2892 nostra
620 2859 659 2892 et
679 2855 954 2902 misericordia,
976 2856 1141 2905 eleyson.

250 2908 422 2945 Trinitas
442 2912 480 2945 et
500 2909 647 2946 Unitas
668 2909 819 2956 Sancta,
844 2909 963 2955 Deus,
984 2911 1094 2948 nobis
1114 2911 1278 2961 eleyson.

719 2983 733 2997 ³*
759 2982 816 3012 Sec
831 2981 890 3013 No.
907 2983 1051 3013 XXVII.
