1979 3348
543 241 575 282 I
573 255 608 283 η
626 241 788 284 Natali·
808 241 952 284 unius
972 241 1275 296 Evangyelistoe.
1628 221 1710 286 137

204 350 444 389 Communia

202 405 284 441 Vos
307 405 374 453 qui
404 405 525 442 secuti
555 405 648 441 estis
678 418 739 442 me
769 405 951 443 sedebitis
981 419 1097 455 super
1126 405 1232 442 sedes
1257 404 1479 454 ‚J‘udicantes
1508 404 1711 441 duodecim

123 458 247 495 tribus
267 458 400 503 Israel,
425 458 520 495 dicit
540 459 745 496 Dominus.

201 511 253 548 In
273 517 431 560 tempore
450 512 643 558 Pascliali,
663 512 860 562 Alleluya,
882 513 1060 562 alleluya.

202 564 442 603 Communia

201 618 284 666 Ego
313 632 382 655 vos
412 619 510 668 elegi
541 619 588 656 de
614 620 771 666 mundo,
800 623 846 656 ut
877 620 974 656 eatis
1005 623 1044 656 et
1076 619 1248 656 fructum
1276 618 1457 665 afferatis,
1489 622 1529 655 et
1560 618 1712 654 fructus

123 675 250 708 vester
269 677 434 709 maneat.

198 724 253 761 Iu
276 731 436 774 tempore
455 726 647 772 Pascliali,
670 726 866 775 Alleluya,
888 726 1065 775 alleluya.

207 778 446 816 Communia

199 832 342 879 Amen,
363 833 446 870 dico
465 834 586 879 vobis,
609 833 711 883 quod
733 846 801 869 vos
825 833 893 882 qui
916 832 1128 882 reliquistis
1157 833 1288 869 onmia
1307 837 1346 870 613
1373 833 1497 870 secuti
1527 832 1620 869 estis
1638 844 1711 877 me,

120 887 344 935 centuplum
363 887 558 936 accipietis
577 891 615 923 et
635 887 758 924 vitam
778 890 965 923 aetemam
985 886 1239 936 possidebitis.

202 940 517 978 Postcommuuio.

201 994 407 1043 Perceptis‚
430 993 610 1040 Domine,
632 994 880 1031 sacramentis
899 993 1126 1043 suppliciter
1145 1007 1360 1040 exoramus,
1383 997 1428 1030 ut
1447 993 1713 1030 intercedente

122 1046 234 1083 beato
264 1047 314 1084 N.
347 1047 518 1096 apostolo
548 1052 630 1094 tuo,
655 1061 740 1097 quae
769 1061 839 1097 pro
870 1047 975 1083 illius
1004 1048 1225 1084 veneranda
1252 1048 1421 1096 gerimus
1452 1046 1714 1084 sollemnitate

119 1101 230 1137 nobis
249 1101 452 1149 proficiant
471 1101 519 1137 ad
538 1101 737 1138 medelam.
797 1101 874 1138 Per
893 1101 1119 1139 Dominum.
1179 1102 1258 1146 Qui
1277 1106 1417 1139 tecum.

200 1154 469 1191 Plurimorum
490 1155 758 1203 apostolorum.

202 1208 521 1245 Postcommuuio.

203 1261 442 1308 Quaesumus,
473 1262 653 1309 Domine,
683 1263 917 1299 salutaribus
944 1262 1084 1311 repleti
1115 1262 1323 1311 mysteriis,
1355 1266 1401 1298 ut
1429 1274 1597 1311 quorum
1625 1258 1712 1297 soll-

121 1316 249 1351 emnia
300 1315 548 1363 celebramus,
598 1330 731 1353 eorum
778 1317 1018 1354 orationibus
1065 1316 1306 1365 adjuvemur.
1378 1316 1454 1353 Per
1497 1314 1713 1352 Dominum

123 1374 310 1406 nostrum.

552 1491 604 1528 IN
631 1491 795 1527 NATALI
824 1502 948 1528 UNIUS
982 1491 1282 1528 EVANGELISTAE.

205 1543 388 1591 Officium.

202 1597 251 1633 In
272 1597 397 1633 medio
417 1597 583 1634 ecclesiae
602 1598 755 1647 aperuit
774 1611 815 1634 os
834 1598 917 1647 ejus
933 1612 940 1634 :
969 1601 1008 1635 et
1027 1598 1206 1647 implevit
1225 1611 1314 1635 eum
1338 1597 1533 1634 Dominus
1562 1596 1714 1647 Spiritu

121 1651 318 1700 sapientiae
338 1655 377 1687 et
396 1651 618 1688 intellectus
635 1665 641 1688 :
670 1651 770 1688 stola
789 1652 920 1700 gloriae
940 1652 1070 1688 induit
1089 1665 1188 1689 eum.

200 1712 253 1749 Iu
274 1718 433 1761 tempore
455 1713 646 1758 Pasclmli,
668 1713 866 1762 Alleluya,
889 1713 1067 1762 alleluya.

201 1766 390 1803 Psalmus.
448 1766 476 1803 J
479 1767 744 1803 ocunditatem
764 1771 802 1804 et
821 1767 1124 1804 exsultationem
1144 1767 1423 1804 thesaurizavit
1452 1780 1567 1816 super
1586 1779 1685 1804 eum.

204 1819 359 1856 Oratio*
372 1820 546 1869 propria.

200 1873 267 1909 Ad
286 1873 469 1922 Ephesios
488 1873 557 1922 (iv.
584 1874 708 1925 7—13).

200 1927 379 1964 Fratres:
411 1927 638 1976 Unicuique
657 1933 835 1965 nostrum
864 1928 960 1965 data
988 1933 1048 1966 est
1067 1929 1197 1978 gratia
1216 1942 1336 1977 usque
1356 1930 1408 1965 acl
1427 1928 1469 1965 in
1489 1940 1715 1965 mensuram

124 1981 251 2019 aetatis
270 1981 528 2030 plenitudinis
549 1982 707 2019 Christi.

203 2043 327 2079 Lectio
347 2043 554 2079 Ezechielis
573 2044 770 2092 Prophetae
788 2044 839 2092 (i.
866 2043 1016 2093 10-14)

203 2097 428 2133 Similitudo
457 2097 591 2133 vultus
625 2101 812 2146 quattuor
849 2098 1080 2134 animalium
1101 2111 1220 2145 usque
1252 2098 1305 2134 ad
1334 2098 1378 2134 in
1412 2097 1716 2135 similitudinem

125 2150 293 2199 fulguris
312 2150 560 2187 coruscantis.

206 2203 384 2240 Gradale.

202 2257 255 2294 Os
269 2258 368 2306 justi
386 2257 642 2294 meditabitur
661 2258 892 2306 sapientiam
912 2272 919 2295 :
948 2262 988 2295 et
1007 2258 1142 2307 lingua
1161 2259 1245 2307 ejus
1264 2258 1448 2307 loquetur
1461 2258 1666 2307 judicium.

132 2310 170 2349 V.
203 2311 286 2348 Lex
306 2311 383 2348 Dei
402 2312 484 2359 ejus
504 2311 546 2347 111
565 2312 678 2348 corde
697 2312 819 2361 ipsius
836 2326 843 2349 ε
873 2316 912 2349 et
931 2325 1010 2349 non
1028 2312 1389 2361 supplantabuntur
1406 2326 1558 2362 gressus
1578 2313 1672 2362 ejus.

206 2372 382 2410 Graclccle.

212 2427 356 2463 Beatus
376 2426 449 2473 vir,
472 2427 540 2476 qui
559 2428 675 2464 timet
696 2428 937 2465 Dominum:
966 2428 1009 2464 in
1028 2428 1224 2465 mandatis
1244 2429 1327 2477 ejus
1347 2428 1457 2478 cupit
1476 2429 1605 2466 nimis.

131 2479 168 2518 V.
200 2480 344 2517 Potens
363 2480 404 2516 in
423 2485 529 2517 terra
547 2481 623 2518 erit
643 2495 773 2519 semen
794 2483 877 2531 ejus
897 2497 904 2520 :
933 2482 1134 2531 generatio
1154 2486 1349 2519 rectorum
1363 2483 1626 2520 benedicetur.

203 2534 399 2582 Alleluya.
466 2534 504 2571 V.
536 2534 694 2571 Primus
727 2536 776 2572 ad
808 2536 901 2573 Sion
929 2536 1055 2582 dicetg
1085 2536 1196 2583 Ecce,
1216 2549 1370 2574 assum:
1400 2540 1440 2574 et
1461 2535 1714 2574 Hierusalem

123 2588 399 2638 evangelistam
419 2588 529 2625 dabo.

309 2652 527 2701 Sequentia.

600 2706 748 2744 Plausu
768 2706 908 2744 chorus
928 2707 1151 2745 laetabundo

603 2760 690 2797 Hos
710 2761 867 2797 attollat
886 2775 954 2810 per
972 2775 1069 2810 quos
1088 2762 1234 2799 mundo

655 2815 806 2852 Sonant
826 2816 1027 2865 evangelia
1042 2829 1052 2862 ,-

205 2914 218 2927 “
240 2913 307 2942 MS.
335 2913 598 2950 G.——Magnificet
625 2917 665 2951 te,
694 2914 840 2952 Domine,
868 2915 968 2943 sancti
995 2915 1043 2944 tui
1070 2915 1110 2944 N.
1140 2915 1356 2952 Evangelistae
1382 2916 1473 2944 beata
1501 2914 1713 2944 sollemnitas:

127 2960 181 3018 ger
206 2961 298 2996 quam
322 2953 452 2990 gloriam
473 2954 697 2992 sempiternam
710 2956 741 2983 et
755 2963 847 2993 opem
867 2954 960 2983 nobis
986 2954 1199 2984 inaestimabili
1220 2955 1418 2993 providentia
1439 2955 1611 2984 contulisti.
1654 2954 1716 2983 Per

161 2999 306 3020 ominum.
