1979 3348
693 228 819 272 Festa
846 227 1112 272 Novembris.
1615 234 1654 272 1·
1671 260 1678 269 .

1642 234 1666 272 h.)

1675 235 1694 273 Ω(

190 337 453 386 Evcmqelium.
512 337 627 374 Nihil
646 344 833 387 opertum.

191 390 444 438 Opto-corium.
503 391 635 429 Gloria
654 397 692 429 et
711 393 865 431 honore.

187 444 345 482 Secreta.

187 497 357 547 Suscipe,
392 498 571 545 Domine,
603 499 776 536 fidelium
808 513 937 549 preces
969 513 1056 536 cum
1092 499 1354 536 oblationibus
1386 499 1613 545 hostiarum,
1645 504 1691 538 ut

104 549 366 588 intercedente
384 553 496 590 beato
517 553 716 589 Theodoro
736 557 906 602 martyre
925 558 1005 598 tuo,
1031 566 1100 603 per
1118 553 1198 590 haec
1227 553 1300 602 piae
1321 553 1540 590 devotionis
1568 554 1691 591 officia

104 603 153 640 ad
172 604 360 641 caelestem
379 606 542 655 gloriam
562 611 813 643 transeamus.
872 607 957 643 Per.

187 656 422 696 Oommzmio.
480 660 662 697 Posuisti.

183 711 528 751 Postcommuvnioff

183 764 331 802 Praesta
370 767 493 813 nobis,
532 767 709 813 Domine,
750 779 981 815 quaesumus,
1020 767 1283 803 intercedente
1328 767 1442 804 beato
1488 767 1688 804 Theodoro

102 822 272 868 martyre
291 823 370 867 tuo,
393 824 438 857 ut
457 834 542 870 quae
562 833 625 857 ore
645 820 877 870 contigimus
897 834 994 868 pura
1013 825 1143 857 mente
1162 820 1367 870 capiamus,
1426 821 1512 858 Per.

246 969 393 1007 SANCTI
423 970 622 1017 MARTINI,
653 982 763 1007 PAPAE
792 982 840 1007 ET
869 981 1139 1009 conrnssoms.
1199 972 1265 1021 (iv.
1291 971 1394 1010 Non.
1418 972 1540 1023 Now)

180 1062 363 1110 Qffi'ciwm.
421 1063 644 1101 Sacerdotes
664 1064 749 1101 Dei.

181 1116 322 1154 Oratio.
381 1116 454 1164 Da,
477 1131 705 1167 quaesumus.

176 1170 363 1219 Epistola.
420 1171 557 1208 Omnis
575 1171 763 1220 pontifex,

178 1224 354 1263 Gradale.
411 1225 508 1262 Ecce
527 1225 711 1262 sacerdos.

175 1278 372 1327 Alleluya.
435 1279 472 1316 V.
504 1279 623 1315 Posui
641 1278 888 1328 adjutorium.

173 1331 440 1380 Evanyelz'um.
499 1333 684 1382 Vigilate,
704 1332 796 1381 quia
815 1332 979 1370 nescitis,

177 1385 430 1432 Off'ertorium.
490 1386 633 1422 Inveni
652 1386 792 1422 David.

176 1438 415 1478 Communia
474 1440 652 1484 Domine,
674 1439 856 1488 quinque.

199 1589 346 1627 SANCTI
376 1590 575 1633 MARTINI,
606 1599 783 1626 Emsoorr
811 1599 860 1625 ET
888 1599 1158 1625 CONFESSORIS.
1218 1588 1289 1636 (iii.
1311 1589 1414 1626 Non.
1437 1589 1478 1626 N
1481 1589 1558 1640 ov.)

173 1681 358 1729 Officium.
417 1681 576 1718 Statuit.

172 1735 315 1772 Oratio.

170 1788 289 1835 Deus,
312 1789 380 1838 qui
398 1788 586 1838 conspicis
605 1788 697 1837 quia
716 1801 764 1824 ex
784 1788 892 1824 nulla
911 1791 1045 1825 nostra
1063 1788 1213 1826 virtute
1233 1789 1490 1836 subsistimus,
1512 1792 1675 1829 concede

88 1843 292 1892 propitius,
314 1847 360 1879 ut
378 1842 649 1879 intercessione
667 1842 772 1878 beati
792 1841 959 1878 Martini
989 1842 1217 1879 confessoris
1246 1844 1307 1879 tui
1335 1847 1452 1893 atque
1479 1845 1675 1894 pontificis

90 1901 225 1933 contra
243 1897 374 1933 omnia
393 1896 553 1932 adversa
571 1896 803 1932 muniamur.
864 1896 940 1932 Per
959 1896 1184 1933 Dominum.

167 1957 357 1996 Memoria
375 1958 420 1995 de
438 1964 567 1995 sancto
586 1958 742 1994 Alsenna.
803 1957 946 1994 Oratio.

167 2012 326 2057 Praesta,
348 2024 578 2061 quaesumus,
601 2011 846 2060 omnipotens
866 2011 985 2057 Deus,
1007 2015 1053 2048 ut
1072 2011 1140 2061 qui
1168 2012 1273 2049 beati
1301 2013 1459 2049 Mennae
1487 2016 1671 2064 martyris

88 2065 148 2101 tui
168 2066 350 2103 natalitia
369 2066 543 2111 colimus,
564 2065 839 2102 intercessione
858 2066 940 2114 ejus
959 2065 1001 2101 in
1020 2066 1080 2102 tui
1099 2066 1268 2103 nominis
1287 2079 1416 2104 amore
1435 2068 1668 2106 roboremur.

88 2119 171 2156 Per.
841 2121 843 2123 ’

166 2173 349 2222 Epistola.
409 2173 506 2209 Ecce
526 2172 699 2209 sacerdos
718 2185 881 2221 magnus
901 2172 968 2221 qui
987 2172 1029 2208 in
1049 2171 1133 2209 vita
1151 2185 1229 2209 sua.

167 2227 343 2264 Gradale.
401 2227 429 2263 J
432 2227 572 2263 uravit.

163 2281 358 2329 Alleluya.
425 2280 461 2317 V.
492 2280 572 2316 Hic
602 2279 802 2315 Martinus
829 2292 975 2329 pauper
1002 2283 1041 2316 et
1069 2279 1241 2316 modicus
1261 2280 1398 2322 caelum
1417 2281 1524 2318 dives
1542 2283 1666 2332 ingre-

85 2333 214 2371 ditur:
242 2334 398 2383 hymnis
417 2333 631 2370 caelestibus
650 2334 874 2370 honoratur.

163 2395 210 2433 Se
236 2396 378 2433 nentia.

85 2410 327 2486 Sacerdlotem
363 2449 511 2486 Christi
543 2448 764 2485 Martinuni
796 2451 935 2485 cuncta
968 2461 1037 2498 per
1066 2448 1199 2485 orbem
1228 2453 1343 2486 canat
1374 2451 1533 2489 ecclesia
1562 2452 1665 2502 pacis

189 2503 397 2550 catholicae,

84 2556 220 2605 Atque
238 2557 343 2593 illius
360 2569 503 2593 nomen
523 2555 648 2592 omnis
666 2555 870 2592 haereticus
889 2555 1014 2606 fugiat
1033 2555 1209 2606 pallidus

84 2609 287 2647 Pannonia
305 2610 461 2647 laetetur
479 2610 660 2659 genetrix
679 2610 770 2646 talis
789 2610 861 2646 filii
874 2623 884 2656 3

83 2662 201 2699 Italia
218 2664 390 2701 exsultet
409 2664 544 2700 alitrix
564 2663 668 2700 tanti
681 2663 840 2712 juvenis
857 2677 864 2700 ε

84 2716 136 2752 Et
155 2716 291 2754 Galliae
310 2718 415 2754 trina
433 2717 572 2754 divisio
592 2730 699 2753 sacro
719 2721 840 2754 certet
859 2716 996 2766 litigio,
1017 2717 1127 2766 cujus
1147 2730 1227 2754 esse
1247 2718 1386 2756 debeat
1404 2720 1546 2769 praesul
1560 2734 1570 2767 3

84 2769 136 2806 Et
153 2771 298 2819 pariter
324 2771 463 2808 habere
492 2784 531 2808 se
557 2774 708 2821 patrem
736 2783 868 2807 omnes
895 2770 1113 2820 gaudeant3
1141 2771 1289 2808 Turoni
1317 2773 1388 2810 soli
1416 2775 1497 2823 ejus
1525 2788 1661 2824 corpus

185 2824 353 2862 foveant.

158 2924 174 2940 ’ἓ
194 2923 262 2952 MS.
291 2924 488 2954 D.-Sancta
521 2928 585 2961 tua,
620 2925 766 2961 Domine,
798 2934 856 2954 nos
891 2928 1014 2963 sumpta
1047 2927 1226 2964 purificent,
1260 2931 1292 2957 et
1324 2928 1535 2959 intercedente
1569 2931 1661 2960 beato

82 2961 245 2992 Theodoro
259 2967 394 3003 martyre
408 2968 473 3002 tuo,
488 2965 527 2994 ad
540 2967 700 3004 perpetua}
714 2964 919 2995 beatitudinis
934 2966 1127 2995 consortium
1146 2967 1354 2998 introducant.
1397 2969 1457 2998 Per
1478 2969 1660 3000 Dominum.
