1979 3348
814 174 977 216 Prosae.
1610 173 1689 214 291

826 312 972 349 XXII.

380 392 507 430 Prosa.
535 392 686 429 Eduxit
705 393 910 430 Dominus.
965 392 1030 429 DE
1059 392 1408 428 RESURRECTIONE.

212 473 354 510 PANGE
381 484 521 510 TURMA
549 485 692 520 CORDE‚
722 485 866 520 vUL‘rU,
889 473 1044 510 Christo
1063 472 1265 523 praeconia,

211 527 490 564 Concelebrans
509 528 734 564 admiranda

210 580 413 617 Paschalia
442 586 689 618 sacramenta..
750 581 784 618 O
806 581 1004 618 beneficia!
1035 580 1068 618 O
1097 593 1214 629 quam
1242 579 1422 617 mirifica!
1449 577 1558 616 omni
1579 578 1692 615 saeclo

290 680 292 682 Ι
317 635 454 683 posita,

210 687 308 724 Alta
327 688 414 737 polo
434 688 629 734 micantia,

212 741 358 790 Magna
377 742 456 778 solo
475 741 676 791 fulgentia.

212 795 307 839 Quae
322 795 413 832 licet
431 796 559 844 ampla
579 795 742 831 miretur
762 794 932 831 Ecclesia
950 798 1083 831 sancta
1109 794 1318 835 Catholica,

211 849 307 885 Haec
326 853 457 885 tamen
476 850 578 885 alma
596 848 823 898 praecellunt
841 848 1031 885 instantia,
1048 848 1189 885 festiva
1206 847 1357 898 gaudia,

210 902 280 938 Sui
299 915 368 951 per
386 902 561 952 insignia.

209 956 313 1005 Ergo
333 956 435 992 clara
454 959 685 1004 concrepent
703 968 858 1004 organa,

209 1009 262 1045 Et
283 1009 480 1046 mundana
498 1010 631 1046 reboet
649 1009 836 1046 machina.

209 1062 343 1099 Gaude
363 1063 653 1111 praedulcisona,

209 1116 312 1160 Quia
330 1116 514 1153 damnata
531 1122 644 1153 nocte
663 1120 702 1153 et
721 1116 867 1153 calcata
885 1120 1008 1153 morte
1027 1121 1225 1166 perpetua,

208 1170 387 1206 Christus
406 1170 454 1207 ad
474 1171 597 1207 aethra
616 1170 729 1207 hodie
748 1171 929 1219 praecelsa
947 1170 1049 1207 redit
1068 1171 1240 1207 victoria.

207 1223 317 1260 Ante
336 1224 446 1261 saecla
464 1237 600 1261 arcana
622 1228 837 1273 praenotata
855 1224 1098 1273 complentur
1112 1225 1182 1261 hac
1202 1225 1264 1261 die
1282 1223 1430 1273 fulgida
1444 1236 1454 1269 ;

208 1277 492 1327 Prophetarum
514 1291 682 1327 praesaga
701 1291 807 1314 sacra
827 1279 944 1315 verba
962 1278 1163 1314 nudantur
1181 1278 1252 1314 hac
1272 1278 1354 1314 luce
1373 1276 1583 1326 splendida.

208 1331 349 1380 Agnus
370 1331 445 1368 Dei
459 1332 542 1369 sine
563 1332 713 1368 macula
727 1332 898 1369 surrexit
917 1332 1029 1369 hodie
1045 1337 1169 1369 morte
1189 1333 1293 1368 victa
1309 1332 1489 1368 Christus
1509 1331 1696 1367 immensa

316 1385 447 1433 gloria.

205 1438 352 1483 Gaude,
374 1443 499 1475 miter
520 1439 553 1475 O
580 1439 790 1486 Catholica„
813 1439 955 1487 laetare,
977 1439 1122 1485 exulta,
1144 1438 1376 1476 circumfusa
1399 1438 1513 1488 longe
1536 1437 1689 1486 lateque

316 1493 489 1529 Ecclesia
508 1507 515 1529 :

210 1545 359 1583 Mentis
379 1546 580 1583 alacritate
593 1547 717 1596 junge
736 1547 896 1584 canticis
915 1547 1074 1585 cantica.

211 1599 389 1636 Christus
407 1600 478 1637 hac
497 1600 559 1637 die
578 1601 690 1647 clara,
712 1606 837 1638 morte
852 1606 1062 1650 perempta,
1084 1605 1123 1637 te
1139 1601 1305 1637 clemens
1323 1600 1445 1637 altam
1459 1599 1695 1637 restauravit

341 1654 383 1690 in
402 1654 579 1702 patriam.

211 1706 356 1744 Dicant
374 1721 508 1744 omnes
526 1706 718 1758 Alleluya.

815 1794 986 1831 XXIII.

285 1870 409 1907 Prosa
428 1871 480 1907 ad
498 1870 703 1919 Sequentia
724 1871 892 1908 Cithara.
951 1871 1017 1908 DE
1045 1872 1303 1909 ASCENSIONE
1333 1871 1503 1908 DOMINI.

263 1947 354 1985 REX
383 1959 636 1986 OMNIPOTENS
664 1960 734 1985 Dm
762 1960 985 1996 nommmA,
1006 1955 1186 1998 utsupra
1207 1949 1297 1999 (vol.
1320 1949 1344 1987 i.
1366 1963 1402 1999 p.
1427 1949 1529 1996 147).

812 2067 976 2104 XXIV.

437 2143 489 2179 IN
519 2153 710 2180 PRETIOSA
737 2153 1040 2180 SOLLEMNrrATE
1066 2144 1356 2181 PENTEcos'rEs.

262 2217 501 2257 BENEchA
529 2230 587 2256 sn·
615 2230 744 2256 BEATA
771 2219 977 2267 Tmurms,
999 2226 1044 2257 ut
1063 2234 1184 2270 supra
1205 2220 1294 2272 (vol.
1316 2221 1340 2257 i.
1362 2234 1400 2270 p.
1424 2221 1529 2270 213).

822 2348 961 2384 XXV.

296 2416 423 2454 Prosa
441 2417 495 2453 ad
514 2417 646 2454 Mater
660 2418 960 2467 sequentiarum.

208 2485 321 2524 ALLE
339 2498 518 2525 CAELESTE
536 2501 685 2525 necnon
705 2492 745 2525 et
763 2501 930 2538 perenne
945 2488 1047 2538 luya,
1068 2494 1112 2525 ut
1131 2502 1251 2539 supra
1271 2489 1360 2540 (vol.
1384 2489 1424 2528 ii.
1444 2503 1479 2539 p.
1503 2489 1580 2541 98).

809 2607 973 2644 XXVI.

456 2688 507 2725 IN
535 2688 694 2725 NATAm
724 2699 864 2726 SANc'n
891 2688 1113 2736 JOHANNIS,
1144 2701 1351 2728 BAP'ris'rAE.

287 2741 489 2791 Alleluya.

209 2807 399 2845 EXSULTA
418 2819 573 2853 camum,
594 2809 725 2845 laetare
744 2812 857 2854 terra,
880 2809 1105 2858 Christique
1124 2814 1265 2855 turma,

210 2860 464 2898 Praecursoris
482 2862 584 2898 alma
603 2862 872 2899 sollemnizans
892 2863 973 2900 haec
992 2864 1102 2910 festa,

212 2913 319 2952 Voce
339 2915 487 2953 Christi
506 2920 640 2953 sancta
659 2920 718 2954 est
736 2916 806 2966 qui
824 2917 961 2954 mundi
981 2917 1147 2964 lucerna,
