1979 3348
765 205 892 248 Festa
918 205 957 247 J
953 205 1057 247 ulii.
1646 209 1699 251 69

651 315 726 355 Cui
744 315 917 352 fructum
936 315 1114 362 contulit,

703 370 757 406 Et
775 369 829 406 sio
847 369 997 406 luctum
1016 368 1180 406 abstulit

702 422 851 459 Divina
869 422 1085 460 clementia.

649 475 889 514 Patriarchis
907 475 1012 513 edita

700 530 822 567 Anna
839 529 924 566 luce
942 529 1107 578 praedita

703 583 754 620 In
773 582 935 632 perenni
953 583 1087 632 gloria,

650 636 924 685 Depreeamur,
945 636 1104 685 inclyta,

703 690 765 727 Ut
784 702 853 738 per
871 693 941 725 tua
959 690 1099 726 merita,

702 743 829 779 Nobis
848 742 964 779 detur
980 743 1118 792 gratia.

647 797 781 842 Anna,
802 808 942 845 parens
960 795 1046 833 labe
1065 808 1210 844 carens,

703 849 865 886 Rubens
883 862 971 886 rosa
989 850 1169 899 speciosa,

703 903 865 939 Florens
883 903 987 940 inter
1005 903 1097 940 lilia.

650 957 821 993 Matrem
842 956 988 993 Christi
1006 957 1201 1007 genuisti:

699 1010 782 1047 Tua
800 1023 912 1059 prece
931 1023 1001 1047 nos
1015 1024 1038 1047 a
1056 1023 1149 1048 nece

703 1063 862 1100 Tuearis
881 1064 1009 1101 noxia.

650 1117 748 1154 Ecce
767 1117 864 1154 lucis
883 1117 1047 1164 officina,

703 1171 837 1220 AEgris
856 1184 943 1220 spes
962 1175 1002 1208 et
1021 1171 1224 1219 medicina,

703 1225 786 1260 Tua
805 1225 931 1274 proles
950 1229 1008 1262 est
1027 1225 1171 1274 regina,

758 1278 807 1314 In
827 1278 971 1315 caelesti
989 1279 1125 1328 patria.

652 1331 746 1381 Ipsa
765 1332 913 1369 cunetis
927 1333 1010 1381 jam
1030 1333 1191 1381 praelata

701 1385 780 1422 Per
798 1389 837 1422 te
857 1399 1012 1422 sumens
1031 1386 1112 1423 haec
1131 1389 1299 1435 precata,

706 1439 855 1475 Nostra
872 1439 942 1476 fiat
961 1439 1148 1476 advocat-a

756 1493 807 1528 In
827 1493 903 1529 Dei
922 1493 1140 1542 praesentia.

198 1562 461 1611 Evanyelimn.
521 1561 655 1598 Simile
675 1565 733 1598 est
750 1575 914 1611 regnum
933 1562 1114 1600 caelorum
1133 1562 1317 1600 thesauro
1336 1561 1569 1599 abscondito.

200 1616 454 1665 Offkrtom'um.
514 1615 668 1652 Diffusa
689 1619 747 1653 est
764 1616 901 1666 gratia.

195 1670 354 1708 Secreta.

198 1724 322 1774 Super
340 1723 419 1769 has,
442 1735 671 1772 quaesumus,
691 1722 872 1769 Domine,
892 1723 1118 1770 oblationes,
1138 1736 1225 1772 quae
1244 1723 1287 1760 in
1306 1723 1533 1760 memoriam
1552 1722 1707 1760 sanctis-

119 1778 224 1815 simae
244 1779 373 1814 Annae
393 1776 530 1813 matris
556 1777 788 1814 beatissimae
808 1777 972 1826 virginis
1004 1777 1204 1827 genitricis
1235 1777 1429 1826 unigeniti
1457 1777 1517 1813 tui
1545 1776 1707 1814 Domini

117 1831 242 1869 nostri
270 1834 554 1876 consecrantur,
578 1834 618 1867 et
649 1834 758 1867 tuam
791 1831 945 1868 effunde
974 1830 1294 1878 benedictionem,
1325 1835 1365 1868 et
1390 1844 1459 1880 per
1488 1844 1550 1868 eas
1578 1831 1707 1868 tribue

117 1885 229 1923 nobis
257 1885 430 1922 cordium
462 1883 770 1934 purificationem
802 1888 841 1921 et
873 1897 1081 1921 munerum
1115 1885 1327 1922 caelestium
1355 1885 1703 1934 participationem.

119 1939 196 1977 Per
214 1939 389 1976 eundem.

196 1992 436 2031 Communia
496 1991 631 2028 Simile
651 1996 709 2029 est
729 2004 893 2041 regnum
913 1992 1095 2029 caelorum
1114 1991 1307 2030 thesauro.

196 2045 515 2084 Postcommunio.

196 2100 363 2149 Sumpta
404 2103 654 2145 sacramenta,
694 2113 926 2149 quaesumus,
964 2099 1144 2145 Domine,
1179 2099 1444 2137 intercedente
1481 2099 1705 2136 beatissima

116 2154 238 2191 Anna
274 2157 398 2191 matre
435 2153 607 2202 gloriosae
636 2154 834 2202 genitricis
873 2153 1084 2202 Unigeniti
1122 2153 1215 2189 Filii
1249 2154 1321 2199 tui,
1355 2166 1425 2190 nos
1458 2153 1507 2190 ab
1535 2153 1704 2191 hostium

116 2208 329 2245 defendant
347 2207 556 2244 formidine
577 2210 616 2243 et
635 2211 789 2244 aeternae
809 2207 946 2244 mortis
965 2207 1237 2244 amaritudine.
1297 2207 1374 2244 Per
1393 2207 1566 2244 eundem.

233 2326 402 2364 SANCTAE
430 2325 633 2373 MARTHAE,
662 2336 843 2362 VIRGINIS
872 2336 953 2362 NON
982 2336 1193 2363 MARTYRIS.
1254 2325 1320 2376 (vi.
1344 2325 1435 2364 Kal.
1457 2325 1581 2376 Aug.)

197 2403 382 2453 Officium.
440 2403 611 2440 Vultum
630 2407 755 2441 tuum.

197 2458 340 2496 Oratio.
399 2458 656 2506 Omnipotens
675 2457 909 2506 sempiterne
930 2457 1046 2494 Deus.

195 2511 387 2549 Memoria
405 2512 451 2549 de
470 2511 521 2547 M
518 2511 724 2559 arcyrz’bus.

194 2565 382 2614 Epistola.
440 2565 519 2609 Qui
537 2565 736 2615 gloriatur.

196 2619 374 2656 Gradale.
432 2618 510 2668 Adj
517 2618 662 2655 uvabit.

194 2673 390 2722 Alleluya.
457 2672 495 2710 V.
516 2671 711 2708 AEmulor.

192 2726 408 2775 Sequentia.
465 2725 637 2775 Virginis
658 2725 898 2772 venerandae,
919 2731 963 2761 ut
982 2725 1027 2762 in
1047 2724 1265 2763 Communi.

192 2780 457 2829 Evanyelz'um.
503 2779 678 2816 Intravit
693 2779 721 2816 J
724 2792 809 2816 esus
824 2779 866 2815 in
882 2779 1075 2828 quoddam
1091 2779 1303 2828 castellum,
1319 2791 1445 2829 quoere
1456 2779 1501 2818 in
1514 2780 1696 2830 Assump-

117 2833 216 2872 tz‘one
235 2835 348 2872 beatae
366 2833 518 2871 Mariae.

196 2887 450 2935 offertorium.
510 2887 745 2934 Offerentur,
767 2887 908 2925 minus.

196 2940 434 2979 Communia
492 2941 646 2978 Diffusa
665 2945 723 2978 est
740 2941 878 2992 gratia.
