1979 3348
709 222 755 261 M
762 220 846 261 [ssa
869 234 954 274 pro
984 219 1107 261 Pace.
1626 224 1640 261 1
1653 224 1704 262 (39

714 365 846 401 MISSA
875 377 949 402 PRO
978 365 1100 403 PACE.

197 419 381 467 Officium.

190 473 254 509 Da
272 486 415 522 pacem,
438 472 619 519 Domine,
639 472 924 509 sustinentibus
943 476 983 509 te
1002 486 1009 509 ε
1042 476 1088 509 ut
1107 473 1306 521 prophetae
1327 472 1388 509 tui
1407 472 1539 509 fideles
1558 472 1708 508 inveni-

110 529 238 571 antur,
260 526 403 562 exaudi
422 539 552 575 preces
571 526 674 562 servi
694 526 753 562 tui
774 530 813 561 et
832 526 955 575 plebis
975 530 1053 562 tuae
1074 526 1208 563 Israel.

189 579 243 616 In
264 586 424 628 &empore
444 579 637 626 Paschali,
660 579 856 627 Alleluya,
879 579 1057 628 alleluya.

191 633 383 670 Psalmus.

187 686 361 724 Laetatus
381 700 465 723 sum
485 686 527 723 in
546 687 606 723 his
626 699 711 735 quae
725 686 831 722 dicta
845 691 937 722 sunt
958 686 1055 722 mihi
1072 700 1078 723 :
1107 687 1150 722 in
1165 687 1323 724 domum
1344 686 1507 723 Domini
1526 687 1705 723 laetantes

109 740 262 777 ibimus.

192 794 335 830 Oratio.

186 847 304 893 Deus,
326 861 348 884 a
371 860 447 896 quo
476 851 608 883 sancta
636 846 835 892 desideria,
857 850 963 883 recta
991 847 1152 883 consilia
1179 851 1219 884 et
1240 848 1351 896 justa
1381 852 1474 883 sunt
1504 861 1631 896 opera,
1654 849 1703 884 (111

106 902 227 937 servis
257 902 335 937 tuis
368 901 476 937 illam
509 913 626 949 quam
656 900 826 936 mundus
856 900 947 937 dare
977 913 1055 936 non
1086 905 1214 950 potest
1247 915 1404 950 pace1n3
1441 904 1488 937 ut
1518 906 1556 937 et
1588 902 1699 938 corda

104 958 238 991 nostra
256 954 450 990 mandatis
469 954 548 990 tuis
564 954 706 999 dedita,
729 958 769 989 et
793 954 966 990 hostium
993 955 1148 991 sublata
1175 955 1394 1001 formidine,
1416 959 1593 1004 tempora
1622 956 1703 992 sint

105 1012 175 1044 tua
194 1008 434 1057 protectione
453 1007 677 1056 tranquilla.
736 1006 813 1043 Per
833 1008 1059 1044 Dominum.

188 1062 313 1098 Leccz‘o
334 1061 422 1097 libri
443 1060 753 1097 Machalaoeoram
775 1060 814 1110 (2
835 1061 859 1097 i.
885 1062 946 1107 23,
970 1062 1062 1112 2-5).

184 1115 235 1151 In
264 1115 399 1151 diebus
426 1115 517 1161 illis,
539 1114 747 1151 Orationes
772 1114 966 1151 faciebant
997 1115 1222 1162 sacerdoteS,
1246 1116 1340 1152 dum
1373 1116 1558 1153 offerrent
1589 1116 1702 1152 sacri-

102 1168 233 1204 ficium
252 1182 322 1218 pro
342 1169 484 1217 populo
505 1169 640 1214 Israel,
660 1168 837 1205 Jonatha
855 1169 1075 1215 inchoante,
1098 1170 1247 1206 caeteris
1272 1174 1404 1206 autem
1432 1170 1700 1219 respondenti-

101 1222 184 1267 bus,
207 1226 246 1259 et
265 1223 507 1269 dicentibus3
538 1222 765 1258 Benefaciat
785 1222 897 1259 Vobis
918 1223 1025 1259 Deus
1048 1229 1088 1259 et
1117 1224 1339 1260 meminerit
1368 1225 1595 1260 testamenti
1624 1225 1695 1270 sui,

101 1276 206 1324 quod
238 1277 286 1313 ad
324 1276 526 1312 Abraham
566 1280 605 1312 et
642 1276 753 1312 Isaac
791 1280 830 1312 et
868 1276 991 1313 Jacob
1029 1277 1182 1313 locutus
1215 1282 1274 1314 est
1307 1291 1508 1314 servorum
1538 1291 1697 1314 suorum

100 1329 284 1366 fidelium.
343 1330 397 1366 Et
427 1330 494 1366 det
525 1330 636 1366 vobis
673 1343 737 1366 cor
775 1330 964 1376 omnibus,
989 1335 1033 1367 ut
1064 1331 1198 1367 colatis
1229 1345 1317 1367 011111
1356 1336 1395 1367 et
1427 1331 1581 1368 faciatis
1614 1333 1697 1381 ejus

100 1383 355 1420 voluntatem.
413 1383 631 1432 Adaperiat
651 1396 716 1419 cor
735 1388 910 1419 vestrum
930 1384 971 1419 in
991 1384 1074 1433 lege
1094 1398 1163 1421 sua
1182 1389 1221 1421 et
1239 1386 1281 1421 in
1310 1385 1514 1434 praeceptis
1543 1386 1633 1429 suis,
1657 1391 1696 1422 et

99 1436 216 1473 faciat
235 1450 378 1486 pacem.
437 1437 636 1473 Exaudi-at
654 1437 847 1473 orationes
865 1442 1015 1474 vestras
1040 1442 1079 1474 et
1106 1439 1377 1475 reconcilietur
1395 1439 1517 1486 vobis,
1539 1452 1608 1475 nec
1628 1452 1696 1476 vos

100 1490 252 1527 deserat
270 1491 312 1527 in
331 1495 505 1540 tempore
525 1491 627 1527 malo
647 1491 841 1527 Dominus
861 1491 969 1527 Deus
989 1496 1128 1528 vester.

196 1544 358 1581 hnclale.

179 1597 353 1634 Laetatus
373 1611 459 1634 sum
478 1599 520 1634 in
539 1598 599 1634 his
619 1611 704 1646 quae
724 1598 829 1634 dicta
848 1602 941 1634 sunt
961 1599 1059 1634 mihi
1075 1613 1082 1635 z
1111 1599 1153 1635 in
1172 1599 1333 1635 domum
1353 1600 1517 1636 Domini
1536 1600 1691 1637 ibimus.

107 1651 143 1688 V.
181 1651 270 1688 Fiat
290 1665 368 1700 pax
388 1652 427 1687 in
449 1652 598 1688 virtute
617 1657 687 1688 tua
703 1666 709 1688 :
739 1656 778 1688 et
798 1652 1041 1688 abundantia
1060 1653 1101 1688 in
1120 1653 1296 1689 turribus
1315 1653 1405 1690 tuis.

178 1705 374 1754 Alleluya.
453 1705 490 1742 V.
541 1706 711 1742 Ostende
748 1706 870 1751 nobis,
912 1706 1093 1752 Domine,
1132 1707 1437 1744 misericordiam
1475 1711 1584 1744 tuam
1602 1721 1609 1744 z
1657 1712 1696 1744 et

99 1759 267 1795 salutare
286 1763 400 1795 tuum
421 1759 470 1795 da
488 1759 609 1796 nobis.

176 1813 442 1861 Evaozyelimn.
502 1813 544 1849 Si
563 1813 649 1861 quis
669 1813 798 1863 diligit
817 1826 889 1860 me,
913 1820 956 1849 1ιύ
975 1827 1096 1863 snpra
1116 1815 1160 1851 (ἷο
1178 1814 1319 1851 ›S‘ancto
1339 1815 1504 1863 Spiritu.

181 1866 432 1914 Qffertorium.

177 1920 295 1966 Deus,
317 1924 362 1956 tu
392 1925 621 1957 convertens
642 1920 857 1957 vivificabis
881 1934 977 1957 nos:
1017 1925 1055 1957 et
1088 1921 1198 1970 plebs
1222 1926 1292 1959 tua
1322 1922 1522 1959 laetabitur
1552 1923 1594 1959 in
1625 1927 1691 1960 te:

95 1974 255 2011 ostende
273 1974 396 2020 nobis,
418 1974 597 2019 Domine,
620 1974 923 2011 misericordiam
948 1979 1056 2011 tuam
1073 1989 1080 2012 :
1113 1980 1152 2012 et
1176 1976 1346 2013 salutare
1365 1981 1479 2013 tuum
1500 1977 1549 2014 da
1567 1977 1690 2013 nobis.

176 2027 231 2064 In
250 2033 410 2077 tempore
428 2028 623 2074 Pasclmli,
644 2028 841 2077 Alleluya.

176 2081 334 2119 Sem-em.

175 2135 294 2181 Deus,
316 2136 385 2184 qui
414 2135 613 2172 credentes
645 2135 687 2170 in
719 2139 758 2171 te
790 2136 952 2184 populos
982 2136 1101 2173 nullis
1135 2137 1229 2173 sinis
1263 2137 1418 2174 concuti
1447 2138 1689 2184 terroribus,

94 2188 254 2237 dignare
274 2202 404 2238 preces
424 2193 463 2225 et
482 2189 628 2225 hostias
648 2189 784 2225 dicatae
806 2190 879 2225 tibi
899 2189 1022 2238 plebis
1042 2190 1257 2239 suscipere3
1287 2195 1332 2227 ut
1351 2204 1429 2240 pax
1448 2195 1518 2228 tua
1545 2193 1691 2240 pietate

95 2255 273 2279 concessa
302 2242 614 2279 Christianorum
642 2243 738 2279 fines
770 2244 818 2278 ab
852 2244 958 2279 omni
991 2244 1102 2280 hoste
1132 2244 1250 2280 faciat
1282 2258 1362 2281 esse
1393 2258 1555 2283 securos
1614 2246 1691 2282 Per

96 2295 323 2333 Dominum.

175 2349 415 2387 Communia
475 2350 618 2396 Amen,
641 2349 737 2395 dico,
759 2356 801 2385 ut
824 2364 953 2399 snpra.

172 2403 489 2441 Postconzwmio.

173 2457 291 2503 Deus,
314 2462 449 2493 auctor
468 2458 572 2506 pacis
592 2461 631 2494 et
650 2462 812 2503 amator,
834 2471 950 2506 quem
969 2471 1081 2494 nosse
1100 2459 1242 2504 vivere,
1266 2460 1329 2495 0111
1354 2460 1499 2496 servire
1528 2473 1690 2510 regnare

92 2514 174 2556 est,
212 2515 371 2560 protege
403 2512 451 2547 ab
485 2512 664 2547 omnibus
701 2512 1061 2561 impugnationi}>us
1099 2513 1291 2561 supplices
1328 2517 1428 2558 tuos,
1468 2517 1514 2549 ut
1547 2515 1614 2563 qui
1647 2515 1689 2550 in

92 2564 312 2601 defensione
349 2569 418 2601 tua
456 2565 695 2610 confidimus,
731 2565 877 2601 nullius·
915 2565 1145 2602 hostilitatis
1183 2580 1292 2604 arma
1329 2568 1546 2604 timeamus.
1613 2568 1689 2604 Per

93 2618 318 2655 Dominum,

637 2696 769 2733 MissA
797 2708 982 2734 TEMPORE
1012 2696 1147 2734 BELLI.

174 2750 357 2798 Officium.

170 2803 435 2841 Reminiscere
472 2804 767 2840 miserationum
799 2808 969 2850 tuarum,
1002 2805 1193 2841 Domine:
1223 2810 1262 2842 et
1292 2806 1565 2843 misericordi-ee
1596 2810 1684 2851 tuae,

91 2869 176 2905 quae
196 2870 218 2893 a
237 2858 375 2894 saeculo
394 2862 487 2894 sunt
504 2872 511 2895 :
540 2871 589 2894 ne
608 2871 782 2906 unquam
801 2857 1054 2894 dominentur
1076 2859 1188 2895 nobis
1217 2859 1367 2896 inimici
1386 2860 1512 2897 nostri
1528 2874 1535 2896 :
1563 2860 1686 2896 libera

90 2923 170 2956 nOS,
193 2910 299 2947 Deus
318 2911 452 2957 Israel,
473 2924 523 2947 ex
543 2912 722 2947 omnibus
743 2912 933 2960 angustiis
953 2912 1106 2948 nostris.

168 2963 221 3000 [η
241 2970 401 3013 tempore
419 2965 613 3011 Paschali,
636 2965 833 3014 Alleluya,
855 2965 1033 3014 alleluya.
