1979 3348
603 209 833 253 Orationes
857 225 942 266 pro
973 211 1217 279 {ijunfctis
1629 213 1707 250 185

201 320 422 359 Secundum
440 319 659 357 Johamzem
678 321 747 370 (ri.
772 322 922 371 37-40).

200 375 252 412 In
284 374 352 410 illo
382 378 566 423 tempore,
590 374 707 411 Dixit
738 375 766 411 J
769 388 856 412 esus
888 375 1088 424 discipulis
1120 375 1198 412 suis
1228 378 1267 411 et
1300 373 1427 411 turbis
1455 373 1684 411 Judaeorum
1701 386 1711 419 3

123 427 248 465 Omne
267 427 370 477 quod
390 428 458 464 dat
477 427 575 463 mihi
594 428 713 465 Pater
731 442 849 477 usque
869 430 922 466 ad
941 429 994 466 Et
1009 442 1077 478 ego
1093 429 1328 466 resuscitabo
1344 427 1486 464 eumin
1501 427 1711 463 novissimo

123 481 196 519 die.

201 534 256 571 In
275 535 626 572 commemoratione
643 536 813 584 yenerctli
831 536 978 573 (licitur
997 536 1104 574 istud
1122 535 1369 585 evanyelium.

202 588 426 625 Secundum
445 588 664 627 Jolammem
682 589 736 638 (v.
762 589 912 640 24-29).

205 642 257 678 In
276 642 343 678 1110
376 645 559 690 tempore,
595 642 713 678 Dixit
741 643 769 680 J
773 656 857 679 esus
890 643 1089 692 discipulis
1118 643 1198 680 suis
1228 646 1267 679 et
1299 642 1426 679 turbis
1455 642 1483 678 J
1486 641 1686 678 udaeorum
1702 652 1713 686 3

123 696 266 741 Amen,
287 708 411 742 amen,
438 696 523 732 dico
555 696 676 741 vobis,
696 696 788 744 quia
817 696 885 745 qui
921 697 1085 733 verbum
1116 710 1245 733 meum
1276 696 1387 733 audit
1416 709 1534 744 usque
1566 695 1619 731 ad
1647 693 1716 742 qui

123 762 214 787 vero
234 749 335 786 mala
353 753 517 798 egerunt
534 749 577 785 in
595 750 915 786 resurrectionem
929 750 1079 799 judicii.

204 802 232 839 I
231 817 259 839 η
278 802 440 839 obicibus
451 816 526 851 pro
546 803 740 840 sacerdote.

203 857 425 895 Secundum
445 856 662 895 Jolocwmem
686 857 759 905 (vi.
783 857 846 902 53,
867 856 952 907 54).

205 910 256 947 In
293 910 361 946 1110
398 914 583 958 tempore,
618 910 734 946 Dixit
766 911 793 947 J
797 923 883 947 esus
908 911 1108 960 discipulis
1127 911 1205 948 suis
1225 916 1265 947 et
1297 911 1425 948 turbis
1453 910 1481 947 J
1487 910 1686 947 udaeorum
1708 922 1717 955 3

125 964 257 1000 Amen
276 976 394 1011 usque
412 963 466 1000 ad
482 965 524 1000 in
544 964 755 1000 novissimo
775 964 846 1000 die.

203 1017 259 1053 Iu
277 1017 693 1054 conwnemorcztionibus
709 1018 956 1066 yeneralibus.

205 1070 427 1108 Secundum
445 1070 665 1108 Joluwmem
684 1072 738 1121 (v.
763 1072 913 1122 21-24).

206 1125 256 1161 In
289 1124 357 1161 1110
389 1128 571 1174 tempore,
609 1125 725 1162 Dixit
762 1126 789 1162 J
793 1139 879 1162 esus
909 1126 1108 1175 discipulis
1138 1125 1217 1162 suis
1234 1140 1244 1174 3
1273 1125 1383 1163 Sicut
1417 1125 1536 1163 Pater
1555 1126 1719 1163 suscitat

126 1182 298 1215 mortuos
317 1192 435 1226 usque
455 1180 507 1215 (αἰ
526 1179 591 1215 sed
610 1180 774 1216 transiet
793 1193 816 1216 a
834 1184 959 1217 morte
978 1180 1020 1215 in
1039 1180 1173 1217 vitam.

207 1231 262 1268 In
281 1232 443 1269 obitibus
455 1246 530 1281 pro
551 1232 728 1282 episcopo.

207 1286 428 1323 Seczmclmn
456 1286 490 1321 J
489 1286 676 1323 ohannem
695 1287 765 1335 (vi.
789 1287 943 1334 51-55).

209 1339 261 1376 In
279 1340 347 1376 illo
366 1343 550 1389 tempore,
573 1340 690 1376 Dixit
709 1342 735 1378 ,J
739 1354 824 1377 esus
845 1341 969 1377 turbis
989 1341 1017 1377 J
1019 1340 1236 1387 udaeor11m3
1257 1341 1340 1390 Ego
1359 1354 1446 1378 sum
1465 1341 1576 1390 panis
1595 1340 1720 1377 vivus.

130 1393 173 1430 Si
193 1394 278 1442 quis
298 1394 591 1430 manducaverit
611 1408 659 1431 ex
674 1394 746 1431 hoc
760 1408 871 1444 pane,
888 1395 997 1431 vivet
1016 1395 1057 1430 in
1073 1399 1273 1431 aeternum.
1324 1395 1377 1432 Et
1396 1396 1506 1444 panis
1522 1408 1636 1444 quem
1654 1408 1723 1444 ego

128 1447 241 1492 dabo,
262 1460 350 1484 caro
369 1461 453 1484 mea
473 1452 531 1484 est
550 1461 619 1496 pro
640 1449 777 1484 mundi
795 1449 888 1486 vita.
947 1449 1176 1497 Litigabant
1204 1462 1294 1498 ergo
1322 1449 1349 1486 J
1352 1449 1465 1495 udaei,
1488 1450 1537 1485 ad
1557 1449 1723 1484 invicem

130 1500 332 1537 dicentes:
367 1501 568 1545 Quomodo
587 1506 715 1550 potest
734 1502 796 1538 hic
824 1515 979 1539 carnem
1009 1515 1119 1538 suam
1152 1502 1243 1538 dare
1273 1503 1384 1539 nobis
1416 1502 1465 1538 ad
1493 1503 1727 1538 manducan-

132 1554 254 1591 dum?
309 1554 425 1592 Dixit
450 1568 540 1604 ergo
569 1555 623 1591 eis
647 1556 674 1592 J
678 1569 764 1592 esus
783 1570 790 1592 z
820 1556 963 1601 Anien,
985 1569 1110 1600 amen,
1132 1556 1218 1592 dico
1244 1557 1353 1592 vobis
1373 1570 1380 1592 :
1410 1556 1501 1592 Nisi
1520 1556 1726 1592 manduca-

132 1608 269 1644 veritis
294 1621 450 1645 carnem
475 1608 569 1645 Filii
593 1609 773 1655 hominis,
797 1613 835 1645 et
855 1609 1031 1646 biberitis
1060 1610 1143 1658 ejus
1168 1609 1409 1658 sanguinem,
1428 1622 1508 1646 non
1532 1609 1727 1646 habebitis

132 1661 256 1698 vitam
276 1662 318 1697 in
336 1662 456 1698 vobis.
517 1662 594 1706 Qui
614 1663 823 1700 manducat
843 1676 966 1699 meam
981 1676 1147 1708 carnem,
1165 1667 1204 1699 et
1224 1663 1324 1699 bibit
1338 1676 1468 1700 meum
1481 1663 1721 1712 sanguinem,

132 1714 250 1752 habet
269 1716 392 1752 vitam
413 1720 597 1753 {eternam
612 1730 621 1763 3
653 1720 692 1753 et
711 1730 779 1766 ego
799 1717 1036 1754 resuscitabo
1052 1730 1141 1753 eum
1160 1717 1202 1753 in
1221 1717 1432 1754 novissimo
1452 1717 1523 1754 die.

548 1847 631 1883 PRO
660 1858 959 1884 ANNIVERSARIO
989 1847 1310 1885 DEFUNCTORUM.

218 1901 360 1938 Oratio.

216 1955 376 2000 Praesta,
394 1968 626 2004 quaesumus,
645 1954 826 2000 Domine,
842 1959 888 1991 ut
903 1955 1034 1991 anima
1049 1955 1187 1991 famuli
1205 1955 1277 2001 tui,
1296 1955 1406 2004 cujus
1421 1955 1731 1992 anniversarium

137 2009 389 2058 depositionis
429 2009 531 2045 diem
570 2009 787 2053 recolimus,
822 2009 996 2045 omnium
1037 2013 1203 2058 purgata
1248 2009 1439 2058 contagiis
1484 2013 1731 2058 peccatorum

136 2063 423 2111 indulgentiam
442 2062 588 2111 pariter
608 2067 647 2098 et
666 2063 839 2111 requiem
858 2063 986 2111 capiat
1005 2063 1289 2111 sempiternam.
1348 2063 1434 2100 Per.

215 2116 373 2154 Secreta.

221 2170 452 2219 Propitiare,
485 2169 837 2218 supplicationibus
865 2170 1019 2216 nostris,
1044 2169 1233 2216 Domine,
1263 2183 1333 2218 pro
1353 2169 1483 2206 anima
1503 2169 1642 2206 famuli
1660 2170 1731 2217 tui,

136 2225 247 2273 cujus
272 2223 387 2260 hodie
416 2236 549 2259 annua
575 2223 655 2259 dies
684 2224 816 2272 agitur
830 2237 840 2269 3
868 2237 938 2272 pro
965 2237 1043 2272 qua
1068 2224 1143 2260 tibi
1170 2224 1367 2260 offerimus
1396 2224 1523 2260 laudis
1551 2224 1731 2269 hostiam,

140 2282 185 2314 ut
205 2291 294 2314 eum
314 2281 536 2314 sanctorum
557 2281 716 2313 tuorum
737 2277 930 2314 consortio
950 2278 1096 2314 sociare
1115 2277 1295 2326 digneris.
1355 2277 1432 2314 Per
1451 2277 1677 2315 Dominum.

220 2330 543 2369 Postcommmzz‘o.

223 2385 393 2434 Suscipe,
429 2385 610 2430 Domine,
643 2397 775 2434 preces
804 2389 957 2421 nostras
988 2398 1057 2434 pro
1088 2385 1218 2421 anima
1245 2385 1383 2421 famuli
1402 2385 1473 2431 tui,
1496 2386 1606 2433 cujus
1625 2385 1735 2421 anni-

142 2439 358 2475 versarium
378 2438 634 2487 depositionis
654 2439 757 2475 diem
778 2439 1024 2485 celebramus,
1048 2443 1094 2475 ut
1114 2439 1145 2475 si
1165 2452 1250 2488 quae
1269 2439 1305 2475 ei
1324 2439 1483 2475 maculae
1504 2439 1550 2475 de
1570 2439 1736 2475 terrenis

142 2492 331 2541 contagiis
368 2492 626 2539 adhaeserunt,
665 2493 903 2529 remissionis
948 2497 1027 2529 tuae
1071 2493 1335 2530 misericordia
1375 2493 1589 2531 deleantur.
1662 2493 1738 2530 Per

143 2546 368 2584 Dominum.

664 2626 751 2663 PRO
780 2627 976 2664 Emsoopo
1005 2638 1226 2665 DEFUNCTO.

227 2680 370 2718 Oratio.

225 2733 343 2780 Deus,
384 2734 452 2783 qui
488 2734 594 2770 inter
625 2734 855 2782 apostolicos
893 2735 1108 2771 sacerdotes
1144 2735 1336 2772 famulum
1372 2739 1488 2772 tuum
1524 2736 1739 2785 pontificali

146 2787 336 2836 dignitate
355 2788 501 2824 censeri
520 2788 646 2824 fecisti
660 2801 670 2833 3
699 2792 850 2836 praesta,
872 2801 1103 2837 quaesumus,
1124 2793 1169 2825 ut
1189 2802 1356 2838 quorum
1374 2790 1499 2826 vicem
1519 2791 1677 2838 gerebat
1696 2789 1738 2825 in

146 2841 271 2886 terris,
294 2854 427 2878 eorum
446 2846 633 2891 perpetuo
654 2842 847 2878 consortio
866 2841 1022 2879 laetetur
1042 2842 1083 2878 in
1102 2842 1213 2879 caelis.
1273 2843 1359 2880 Per.

226 2894 384 2932 Secreto.

229 2948 398 2997 Suscipe,
434 2962 666 2998 quaesumus,
704 2949 884 2989 Domine,
920 2962 989 2998 pro
1013 2949 1144 2987 anima
1176 2950 1314 2987 famuli
1351 2951 1411 2988 tui
1439 2950 1609 3000 episcopi
1642 2964 1739 3000 quas
