1979 3348
897 240 925 257 μ,

234 268 315 307 186
723 256 953 310 Orationes
983 280 1064 321 pro
1094 265 1335 322 Defunctivs.

229 377 428 414 offerimus
446 377 604 424 hostias,
627 381 673 415 ut
692 378 753 415 cui
772 377 993 428 pontificale
1014 377 1168 414 donasti
1187 377 1383 423 meritum,
1405 378 1522 414 dones
1551 382 1590 414 et
1608 378 1822 427 praemium.

231 430 308 467 Per
327 430 553 468 Dominum.

309 483 550 522 Postcommzc
557 499 578 521 η
587 486 630 522 io.

309 537 541 588 Propitiare,
565 538 747 584 Domine,
768 537 1119 587 supplicationibus
1151 537 1295 574 nostris
1329 542 1368 574 et
1398 538 1570 575 animam
1598 539 1736 576 famuli
1763 538 1825 576 tui

228 591 398 642 episcopi
416 593 458 629 in
478 593 635 643 regione
654 593 836 629 vivorum
855 592 1011 629 aeternis
1029 591 1181 641 gaudiis
1194 592 1333 641 jubeas
1353 592 1501 628 sociari.
1560 592 1646 630 Per.

523 729 609 766 PRO
639 729 848 766 Emscoms
877 740 926 766 ET
955 729 1259 766 SAci-:Rnorlssns
1290 739 1525 766 DEFUNCTIS.

312 782 457 820 Oratio.

308 836 498 883 Concede,
520 849 752 885 quaesumus,
769 837 1014 885 omnipotens
1034 837 1154 881 Deus,
1175 836 1380 872 animabus
1399 835 1635 872 famulorum
1656 834 1823 885 episcop-

228 903 340 926 orum
366 895 405 926 et
431 891 675 927 sacerdotum
700 895 859 927 tuorum
883 890 1082 927 felicitatis
1107 895 1261 926 aeternae
1287 890 1538 936 consortium,
1564 890 1706 938 quibus
1731 890 1824 926 don-

227 944 303 980 asti
323 944 421 980 sacri
442 945 577 981 altaris
596 945 677 981 tuis
697 945 882 994 consequi
900 944 1173 981 ministerium.
1234 944 1310 980 Per
1329 944 1557 980 Dominum.

307 997 467 1035 Secreta.

308 1051 479 1089 Munera
498 1052 584 1097 tibi,
608 1052 789 1099 Domine,
812 1052 977 1089 dicanda
1002 1052 1210 1097 sanctifica,
1234 1055 1272 1087 et
1298 1051 1448 1088 animas
1472 1050 1710 1087 famulorum
1730 1051 1826 1100 epis-

227 1119 411 1155 coporum
440 1119 483 1142 ac
513 1106 757 1143 sacerdotum
785 1110 945 1142 tuorum
973 1119 1043 1154 per
1066 1105 1148 1142 haec
1172 1106 1221 1141 ab
1245 1105 1352 1141 omni
1378 1105 1464 1141 labe
1489 1105 1670 1141 humanae
1696 1105 1823 1142 condi-

226 1160 344 1196 tionis
365 1159 533 1206 absolve,
556 1161 697 1208 quibus
716 1160 839 1196 totius
857 1159 996 1195 mundi
1015 1159 1168 1196 diluisti
1187 1163 1352 1208 peccata.
1412 1159 1489 1195 Per
1508 1159 1734 1196 Dominum.

305 1213 516 1250 Postcomm
525 1214 627 1250 m'z‘z‘o.

307 1267 550 1312 Quaesumus,
577 1267 824 1316 omnipotens
849 1267 968 1312 Deus,
991 1270 1036 1303 ut
1061 1266 1199 1303 animae
1225 1266 1460 1302 famulorum
1487 1266 1755 1315 episcoporum
1779 1279 1823 1303 ac

224 1321 468 1358 sacerdotum
492 1325 652 1357 tuorum
680 1321 844 1358 caelestis
868 1321 1003 1370 gratiae
1029 1320 1189 1370 praemia
1218 1324 1518 1369 consequantur,
1546 1320 1687 1369 quibus
1713 1320 1823 1370 spiri-

225 1374 343 1411 tualis
361 1375 494 1424 gloriae
514 1388 677 1412 munera
696 1375 907 1412 contulisti.
967 1375 1053 1411 Per.

717 1506 805 1543 PRO
837 1506 1076 1543 SACERDOTE
1105 1517 1327 1543 DEFUNcTo.

307 1559 453 1597 Oratio.

304 1614 563 1663 Omnipotens
592 1614 826 1664 sempiterne
860 1614 979 1660 Deus,
1001 1615 1064 1651 cui
1097 1627 1301 1663 nunquam
1332 1614 1415 1651 sine
1448 1627 1515 1663 spe
1548 1614 1820 1651 misericordiae

223 1668 477 1717 supplicatur,
499 1668 710 1718 propitiare
740 1669 879 1705 animae
898 1668 1036 1705 famuli
1069 1669 1131 1705 tui
1161 1668 1380 1715 sacerdotis,
1402 1672 1447 1705 ut
1476 1669 1543 1717 qui
1572 1668 1619 1704 de
1647 1668 1718 1705 hac
1738 1669 1821 1705 vita

222 1723 264 1758 in
295 1722 355 1759 tui
385 1722 556 1758 nominis
589 1722 827 1759 confessione
857 1722 1031 1768 decessit,
1062 1726 1286 1759 sanctorum
1313 1726 1472 1759 tuorum
1506 1734 1668 1759 numero
1701 1722 1821 1759 facias

221 1776 431 1824 amn-efran.
491 1776 567 1812 Per
587 1776 813 1813 Dominum.

245 1807 292 1825 00

302 1830 460 1866 Secreta.

301 1884 534 1933 Propitiare,
556 1883 736 1930 Domine,
760 1884 899 1920 animae
919 1882 1058 1920 famuli
1077 1883 1138 1920 tui
1150 1884 1370 1930 sacerdotis,
1391 1896 1461 1933 pro
1481 1896 1557 1932 qua
1577 1883 1652 1920 tibi
1672 1883 1819 1920 hostias

222 1938 449 1986 placationis
477 1938 702 1985 offerimus3
729 1942 768 1974 et
788 1939 879 1987 quia
909 1938 951 1975 in
984 1938 1055 1974 hac
1075 1938 1159 1974 luce
1189 1939 1231 1974 in
1265 1938 1338 1974 fide
1369 1938 1514 1973 mansit
1541 1937 1754 1984 Catholica,
1776 1938 1818 1974 in

220 1992 354 2028 futura
376 1992 457 2028 vita
476 1992 511 2027 ei
531 1991 738 2028 retributio
757 1992 998 2029 condonetur
1018 1996 1172 2029 aeterna.
1233 1992 1309 2028 Per
1328 1991 1555 2029 Dominum.

301 2046 622 2083 Postcommzmio.

300 2100 460 2145 Praesta,
477 2113 708 2149 quaesumus,
726 2099 972 2149 omnipotens
989 2100 1108 2144 Deus,
1127 2103 1172 2135 ut
1187 2100 1357 2136 animam
1373 2099 1510 2135 famuli
1525 2099 1586 2135 tui
1607 2098 1818 2135 sacerdotis

219 2154 268 2190 ab
283 2154 431 2202 angelis
447 2154 544 2190 lucis
559 2158 777 2203 susceptam
792 2154 834 2190 in
848 2158 1066 2203 praeparata
1081 2154 1303 2190 habitacula
1318 2153 1457 2190 deduci
1471 2153 1587 2189 facias
1601 2154 1817 2189 beatorum.

220 2208 296 2244 Per
316 2208 542 2244 Dominum.

868 2309 954 2346 Psso
988 2308 1163 2346 FEMINA.

301 2363 446 2400 Oratio.

299 2417 543 2463 Quaesumus,
579 2417 748 2453 Domine
778 2430 848 2466 pro
881 2420 950 2453 tua
981 2417 1128 2466 pietate
1161 2416 1340 2453 miserere
1373 2416 1512 2453 animae
1541 2415 1696 2452 famulae
1725 2419 1815 2463 tuae,

217 2475 256 2507 ct
274 2484 298 2507 a
317 2471 505 2521 contagiis
524 2471 777 2507 mortalitatis
805 2474 966 2508 exutam
986 2471 1027 2506 in
1048 2474 1201 2507 aeternae
1221 2470 1448 2507 salvationis
1467 2474 1619 2520 partem
1638 2470 1814 2507 restitue.

218 2525 294 2561 Per
314 2525 531 2562 Dominum
551 2529 738 2561 nostrum.

297 2578 457 2616 Secreta.

297 2632 376 2669 His
416 2633 624 2679 sacrificiis,
666 2632 846 2678 Domine,
886 2633 1017 2669 anima
1053 2632 1208 2668 famulae
1246 2636 1323 2668 tute
1361 2645 1384 2668 a
1430 2631 1596 2680 peccatis
1633 2631 1815 2668 omnibus

217 2690 397 2732 exuatur,
439 2687 522 2723 sine
560 2686 701 2736 quibus
730 2700 753 2723 a
790 2686 904 2735 culpa
940 2699 1054 2723 nemo
1092 2686 1191 2722 liber
1229 2686 1383 2722 exstitit
1400 2698 1410 2731 3
1439 2689 1478 2721 et
1515 2698 1584 2733 per
1621 2685 1702 2721 haec
1740 2685 1813 2734 piae

216 2740 444 2789 placationis
464 2740 597 2788 officia,
619 2744 771 2790 praesta,
794 2745 838 2777 ut
858 2744 1086 2790 perpetuam
1105 2739 1408 2776 misericordiam
1429 2742 1696 2787 consequatur.
1740 2739 1816 2775 Per

223 2795 442 2831 Dominum.

297 2848 616 2885 Posccommunio.

297 2903 493 2949 Inveniat,
516 2914 748 2951 quaesumus,
774 2901 954 2947 Domine,
977 2901 1107 2937 anima
1135 2901 1289 2937 famula*
1318 2904 1395 2936 tuae
1424 2899 1522 2936 lucis
1552 2904 1706 2936 aeternae
1727 2912 1814 2936 con-

215 2957 391 3003 sortium,
412 2957 522 3005 cujus
541 2959 738 3005 perpetuae
768 2955 1039 2992 miseriem-dim
1060 2958 1266 2992 consecuta
1294 2957 1351 2990 est
1380 2958 1677 2991 sacramentum.
1736 2953 1813 2990 Per

222 3011 443 3046 Dominum.
