1979 3348
276 245 358 285 298

991 243 1149 286 Prosoe.

381 354 458 391 Dei
476 355 725 404 providentia
743 367 859 404 quem
878 358 970 391 ante
989 354 1128 391 saecula
1144 358 1258 391 tanta
1275 355 1442 405 replevit
1459 355 1596 404 gratia,

383 407 551 445 Gentem
571 421 648 458 quo
667 409 907 445 barbaricam
927 408 1054 446 adiret
1072 414 1309 457 spontaneus
1328 409 1404 445 fide
1422 408 1546 445 fultus
1564 408 1770 457 intrepida.

381 461 528 512 Regem
566 462 721 499 lavacro
758 462 896 498 salutis
933 475 1027 499 mox
1063 466 1277 512 regenerat,
1316 466 1548 512 gentemque
1584 462 1862 511 permaximam

488 515 633 552 format
651 516 698 552 ad
719 529 838 565 regna
855 516 1033 553 caelestia.

384 568 531 606 Omnes
555 570 604 606 ad
627 569 708 606 alta
735 569 863 606 levate
887 570 1030 606 mentis
1053 569 1192 619 capita,
1214 569 1370 606 Christo
1394 569 1555 606 laudum
1580 569 1753 607 carmina
1771 581 1863 606 voce

489 624 629 659 referte
653 623 855 670 clarisona,

383 676 467 713 Nos
485 676 645 713 lucerna
663 676 731 726 qui
750 677 913 714 donavit
926 680 1039 714 tanta
1056 677 1180 726 patris
1198 677 1316 726 hujus
1335 676 1551 726 praesentia.

383 730 678 768 conclamemus
697 730 813 767 simul
832 744 964 768 omnes
983 744 1062 768 una
1079 745 1089 777 3
1118 731 1284 774 Christe,
1306 731 1413 768 salva

381 784 466 822 Nos
484 797 555 834 per
572 784 692 821 saecla.

943 889 1208 926 XXXVIII.

804 970 887 1021 (DE
915 982 1065 1009 SANcro
1094 971 1364 1023 LAURENmo.)

463 1052 588 1090 Prosa
606 1053 660 1089 acl
678 1052 889 1101 Sequentia
908 1052 1140 1089 Laetabitur.

465 1116 657 1166 Alleluya.

383 1182 555 1219 LAUREA
575 1192 707 1218 CLARA
726 1192 949 1218 LAETANTEM
970 1182 1228 1218 Laurentium
1247 1182 1500 1228 hierarcham,

384 1234 473 1280 Qua
490 1248 568 1284 pax
587 1248 749 1282 summa,
771 1249 849 1284 qua
867 1236 1060 1284 splendor,
1086 1249 1163 1285 qua
1199 1235 1332 1284 gloria,
1355 1235 1510 1272 Christe
1529 1248 1611 1283 reX‚
1633 1235 1784 1282 emicat,

383 1288 490 1338 Lyra
508 1293 643 1326 nostra
661 1289 825 1326 resultet
846 1289 1079 1338 symphonia
1097 1303 1239 1326 sonans
1258 1290 1445 1339 organica.

383 1342 511 1379 Roma
530 1356 644 1392 quem
663 1343 780 1389 canit,
800 1343 970 1380 mundus
989 1356 1105 1392 quem
1123 1348 1230 1380 totus
1248 1347 1429 1393 personat
1447 1358 1454 1380 :

383 1396 514 1433 Decus
533 1410 647 1433 omne
666 1397 786 1442 decet,
808 1397 903 1442 laus,
924 1401 1042 1446 atque
1060 1397 1193 1447 gloria.

383 1450 462 1496 Qui
480 1450 604 1497 miles,
625 1451 693 1500 qui
711 1464 862 1500 gemma
889 1464 956 1487 ara
985 1451 1144 1496 Christi,
1166 1451 1235 1500 qui
1253 1464 1378 1500 praeco
1396 1464 1534 1487 norma
1551 1451 1704 1500 fulgens
1718 1450 1839 1487 levita
1855 1464 1866 1497 3

381 1504 654 1553 Apostolicum
673 1505 816 1541 affatur
834 1510 1043 1554 patronum
1063 1505 1220 1541 Sixtum
1241 1517 1404 1554 sequens
1423 1505 1471 1541 ad
1490 1505 1710 1542 certamina.

383 1558 482 1604 Quo,
502 1562 625 1607 pater,
645 1559 728 1595 sine
747 1558 827 1595 filio
847 1559 1100 1607 progrederis,
1122 1563 1191 1595 aut
1210 1572 1287 1608 quo
1306 1559 1492 1608 magister
1511 1571 1702 1607 properas.

381 1612 449 1649 Ad
469 1612 637 1661 palmam
658 1612 691 1649 si
710 1612 890 1660 martyrii
909 1626 1029 1649 ovans
1045 1613 1184 1659 tendis,
1205 1617 1245 1649 te
1263 1625 1355 1661 rogo
1374 1625 1423 1649 ne
1442 1626 1502 1649 me
1523 1613 1684 1649 deseras.

382 1665 521 1702 Sixtus
539 1666 588 1702 ad
607 1666 688 1702 haec
707 1665 765 1702 illi
784 1680 791 1703 ε
821 1666 875 1703 Te
894 1679 1024 1715 pugna
1043 1667 1181 1703 fortior
1200 1667 1449 1715 sanctiusque
1468 1671 1507 1702 te
1526 1670 1690 1702 stemma

382 1719 522 1756 Manet
540 1724 628 1768 post
649 1720 835 1765 triduum,
850 1720 935 1769 jam
954 1720 1023 1769 qui
1042 1721 1213 1769 sequeris
1232 1733 1293 1757 me
1313 1720 1549 1756 sacerdotem
1569 1719 1700 1756 levita.

381 1772 550 1810 Praescia
568 1773 674 1810 Sixti
696 1774 815 1810 verba
842 1774 1086 1824 complentur
1105 1788 1112 1811 :
1140 1778 1180 1810 et
1198 1774 1383 1811 immania
1411 1773 1602 1823 percurrit
1630 1773 1864 1810 Laurentius

488 1831 681 1864 tormenta
699 1841 709 1874 3

382 1880 478 1917 Caeli
496 1881 688 1926 columna,
709 1881 846 1917 lucifer
865 1881 980 1928 orbis,
1004 1881 1183 1918 Ecclesiae
1202 1881 1352 1926 laetitia,
1374 1881 1540 1930 fideique
1558 1880 1700 1930 regula.

381 1934 523 1971 Victor
550 1948 670 1971 ovans
697 1935 739 1970 in
773 1935 958 1971 craticula
984 1935 1158 1984 judicem
1193 1935 1259 1984 qui
1292 1934 1495 1971 confundit
1526 1935 1644 1971 verba
1681 1947 1750 1983 per
1781 1933 1862 1970 haec

488 1988 582 2025 talia
599 2002 606 2025 :

382 2042 409 2079 J
413 2055 475 2079 am
499 2046 666 2079 assatam
695 2042 886 2079 manduca
912 2055 1067 2079 carnem
1086 2057 1093 2079 z
1123 2055 1185 2079 me
1203 2042 1338 2091 gloria,
1359 2046 1398 2079 te
1417 2055 1531 2091 poena
1558 2055 1708 2091 semper
1732 2046 1863 2078 manet

489 2096 672 2142 maxima,

383 2149 554 2186 Canticis
572 2149 754 2199 angelicis
772 2150 902 2198 palma
920 2153 960 2186 et
977 2150 1117 2186 lucida.

383 2203 446 2240 Sic
464 2204 555 2240 diva
573 2203 668 2240 felix
687 2203 838 2240 scandit
855 2204 985 2240 anima
1004 2203 1173 2240 culmina

382 2257 459 2294 Per
478 2258 619 2294 merita
637 2257 829 2294 translata
847 2258 998 2306 inclyta
1013 2271 1024 2305 3

383 2311 479 2356 Quae
498 2312 539 2347 in
555 2324 727 2360 purpura
745 2311 988 2360 praepulchra
1005 2311 1148 2361 gaudet
1167 2314 1207 2347 et
1225 2310 1308 2347 lilia
1322 2324 1332 2357 3

383 2364 500 2401 Omni
519 2365 643 2414 gloria
660 2372 836 2402 conserta
855 2365 1004 2402 Christi
1022 2364 1238 2414 praesentia,

383 2419 513 2469 Digne
532 2419 692 2456 colenda
710 2419 821 2456 saecla
834 2432 903 2468 per
921 2424 1070 2455 cuneta.
1127 2418 1323 2467 Alleluya.

969 2553 1182 2591 XXXIX.

680 2636 746 2672 DE
765 2646 960 2673 Pto-mnus
980 2645 1238 2672 MARTYRIBUS
1259 2633 1463 2670 Mirabilis.

275 2717 500 2754 MmABILrs
519 2717 635 2754 Dans
654 2728 697 2753 IN
718 2727 878 2754 SANcrls
897 2716 1092 2753 mirabilia
1110 2716 1207 2752 dans
1225 2716 1439 2765 magnifica.

275 2771 353 2815 Qui
372 2770 446 2807 fide
465 2770 649 2820 praeclara
667 2771 846 2807 vicerunt
866 2770 1002 2807 mundi
1021 2770 1190 2820 pericula
1208 2769 1438 2818 gravissima
1452 2781 1462 2815 3

273 2824 301 2861 J
304 2824 461 2861 udicum
481 2825 618 2870 minas,
639 2824 800 2861 verbera
817 2829 857 2861 et
879 2824 1085 2861 blanditias
1105 2827 1396 2860 contemnentes
1416 2825 1546 2858 mente
1569 2821 1729 2858 robusta
1749 2822 1861 2858 veris-

380 2878 477 2914 simo
496 2878 683 2914 fuderunt
701 2879 781 2927 regi
800 2879 958 2915 animas.

274 2931 379 2981 Ergo
397 2931 643 2980 triumphant
665 2931 795 2968 laurea
824 2931 969 2981 compti
987 2931 1126 2981 capita,
1146 2930 1269 2968 secuti
1296 2934 1399 2967 recte
1426 2928 1590 2979 vestigia
1608 2929 1699 2979 agni
1717 2927 1859 2978 singul-

379 2985 457 3022 aris
469 2986 554 3034 jam
575 2984 722 3022 Christi
742 2990 890 3022 sacrata
907 2999 915 3023 z
