1979 3348
200 198 281 239 346
440 195 685 251 Frayment
706 195 757 250 of
781 209 810 236 a
830 193 993 236 Missal
1013 194 1065 250 of
1089 193 1154 236 the
1185 194 1262 236 Use
1281 194 1333 250 of
1357 194 1556 237 Lincol‘n.

280 306 442 345 Secreta.

280 361 454 406 Placere,
484 373 715 409 quaesumus,
748 359 930 405 Domine,
959 358 1194 396 humilitatis
1213 363 1355 396 nostrae
1374 359 1553 408 precibus
1572 363 1611 396 et
1629 358 1768 396 hostiis
1783 371 1793 406 3

201 420 240 454 et
260 415 329 451 ubi
348 415 458 451 nulla
484 418 699 463 suppetunt
726 413 884 462 praemia
903 413 1145 458 meritorum,
1166 413 1247 449 tuis
1265 413 1377 449 nobis
1396 426 1575 450 succurre
1593 413 1790 462 praesidiiS.

201 469 279 506 Per
299 468 528 505 Dominum.

284 532 525 570 Communia

282 586 546 632 Hierusalem,
569 597 685 635 surge
704 588 744 621 et
764 589 825 621 sta
843 584 886 621 in
905 584 1067 631 excelso,
1090 588 1129 621 et
1150 584 1238 621 vide
1252 584 1540 634 jocunditatem
1559 597 1644 633 quae
1664 584 1796 621 veniet

202 640 278 678 tibi
297 653 319 676 a
341 641 425 676 Deo
445 643 526 676 tuo.

283 703 606 741 Postcommwnio.

282 759 440 807 Repleti
460 758 546 794 cibo
566 757 784 807 spiritualis
812 757 1020 802 alimoniae,
1049 757 1241 807 supplices
1259 760 1310 803 te,
1332 757 1513 802 Domine,
1534 756 1794 806 deprecamur,

202 817 248 849 ut
278 812 397 860 hujus
427 811 728 861 participatione
758 811 937 860 mysterii
966 811 1102 848 doceas
1123 823 1193 847 nos
1211 815 1366 848 terrena
1384 811 1591 860 despicere,
1612 814 1651 847 et
1669 823 1797 848 amare

203 866 381 904 caelestia.
441 865 520 902 Per
539 865 766 902 Dominum.

832 1007 963 1044 FERIA
993 1007 1175 1052 QUARTA.

284 1094 411 1132 Lectio
430 1094 637 1131 Malachia-
656 1093 857 1142 Propheta)
876 1094 980 1142 (cap.
1003 1093 1061 1130 iii.
1088 1094 1151 1130 1-5
1169 1107 1179 1140 3
1207 1093 1254 1130 iv.
1278 1094 1314 1139 5,
1338 1094 1394 1143 6).

285 1149 384 1185 Ecce
399 1161 468 1198 ego
482 1148 598 1184 mitto
610 1148 793 1197 angelum
812 1161 943 1184 meum
962 1161 1081 1196 ‘easque
1093 1148 1146 1184 acl
1167 1147 1215 1197 (v.
1238 1147 1278 1199 5)
1292 1160 1363 1184 nec
1382 1147 1602 1184 timuerunt
1613 1160 1687 1195 me,
1703 1146 1800 1184 dicit

208 1203 399 1240 Dominus
426 1201 679 1238 exercituum.
741 1200 804 1251 (iv.
833 1200 873 1251 5)
896 1201 995 1238 Ecce
1023 1214 1092 1251 ego
1120 1202 1278 1238 mittam
1305 1201 1416 1238 vobis
1436 1201 1565 1238 Eliam
1601 1214 1720 1250 usque
1747 1201 1799 1239 ad

205 1261 244 1294 et
264 1256 480 1306 percutiam
498 1259 644 1292 terram
664 1255 923 1292 anathemate.

285 1320 543 1368 Evanyelium
562 1321 774 1357 secundam
795 1319 841 1356 M
842 1320 1025 1357 atthceum
1045 1320 1118 1370 (xi.
1144 1320 1259 1357 11-15
1264 1321 1295 1370 )

286 1374 337 1411 In
367 1374 436 1411 illo
465 1378 652 1423 tempore,
675 1374 793 1410 Dixit
822 1374 939 1411 Jesus
969 1375 1098 1411 turbis
1128 1378 1167 1411 et
1198 1374 1398 1424 discipulis
1417 1374 1519 1411 suis:
1548 1375 1692 1421 Amen,
1713 1374 1798 1411 dico

205 1428 327 1475 vobis,
348 1428 442 1465 Non
462 1428 636 1465 surrexit
655 1429 780 1477 major
798 1442 918 1476 usque
937 1428 992 1465 ad
1009 1428 1088 1473 Qui
1106 1428 1224 1465 habet
1243 1441 1356 1465 aures
1374 1428 1571 1476 audiendi,
1591 1428 1734 1465 audiat.

855 1591 986 1628 FEmA
1015 1590 1158 1628 SEXTA.

286 1646 464 1696 Epistola
484 1645 751 1683 Dominicalz‘s.

284 1711 543 1759 Evanyelium
562 1711 774 1747 secundum
793 1710 944 1747 Lucam
963 1709 1012 1760 (ἰ.
1039 1709 1192 1759 15-18).

287 1765 339 1802 In
369 1765 438 1802 illo
467 1769 653 1814 tempore,
683 1764 710 1801 J
714 1764 886 1801 ohannes
918 1763 1189 1801 testimonium
1219 1762 1449 1812 perhibebat
1478 1776 1597 1812 usque
1635 1763 1688 1800 ad
1719 1762 1801 1813 ipse

207 1819 415 1857 enarrabit.

799 1934 1013 1971 Domch
1041 1934 1205 1971 Tnssrm.

292 1987 476 2036 Officium.

291 2042 466 2080 Gaudete
486 2042 529 2078 in
550 2041 722 2078 Domino
741 2054 913 2091 semper:
943 2041 1087 2078 iterum
1106 2042 1203 2087 dico,
1224 2042 1398 2091 gaudete.
1458 2042 1653 2081 Modestia
1672 2047 1801 2080 vestra

207 2100 302 2134 nota
327 2096 378 2133 sit
402 2096 583 2133 omnibus
607 2095 854 2132 hominibus:
889 2095 1082 2132 Dominus
1107 2109 1225 2145 prope
1244 2102 1313 2133 est.
1372 2096 1485 2133 Nihil
1510 2096 1667 2133 solliciti
1691 2097 1802 2144 sitis3

209 2150 276 2187 sed
296 2150 337 2186 in
358 2150 463 2187 omni
484 2149 659 2186 oratione
678 2149 891 2198 petitiones
910 2153 1050 2186 vestrae
1069 2149 1316 2187 innotescant
1335 2150 1438 2199 apud
1458 2150 1598 2188 Deum.

217 2204 256 2241 V.
289 2204 342 2241 Et
361 2217 440 2253 pax
460 2204 537 2241 Dei
556 2217 642 2253 quae
662 2207 871 2253 exsuperat
890 2216 1045 2240 omnem
1064 2216 1240 2240 sensum:
1272 2204 1464 2242 custodiat
1482 2205 1597 2242 corda
1616 2209 1745 2242 vestra
1763 2209 1803 2242 et

208 2257 491 2308 intelligentias
518 2262 676 2294 vestras.

291 2311 435 2349 Gloria.

294 2376 438 2415 Oratio.

291 2431 445 2468 Aurem
471 2434 594 2476 tuam,
621 2443 853 2479 quaesumus,
883 2430 1064 2476 Domine,
1091 2430 1269 2480 precibus
1297 2431 1439 2467 nostris
1467 2431 1734 2468 accommoda:
1763 2435 1804 2469 et

210 2485 354 2522 mentis
383 2488 524 2522 nostrae
552 2486 733 2521 tenebras
760 2484 887 2534 gratia
914 2488 992 2521 tuae
1021 2484 1260 2521 visitationis
1287 2484 1450 2522 illustra.
1529 2485 1606 2531 Qui
1633 2485 1736 2523 vivis
1763 2489 1802 2522 et

210 2552 349 2589 regnas
369 2539 486 2576 Deus.
545 2538 623 2575 Per
641 2538 772 2575 omnia
791 2538 931 2575 saecula
948 2538 1184 2575 saeculorum.

292 2603 418 2641 Lectio
437 2604 620 2653 Epistolae
639 2603 738 2640 beati
757 2603 879 2640 Pauli
898 2603 1071 2652 Apostoli
1090 2604 1142 2640 ad
1161 2602 1382 2641 Corinthios
1400 2603 1445 2652 (l
1469 2603 1515 2640 iv.
1542 2603 1638 2654 1-5).

292 2658 476 2696 Fratres:
507 2657 571 2694 Sic
590 2671 661 2694 nos
688 2657 888 2694 existimet
915 2657 1031 2694 homo
1059 2661 1105 2694 ut
1133 2657 1332 2694 ministros
1360 2657 1509 2694 Christi
1535 2671 1655 2706 usque
1681 2657 1736 2695 ad
1762 2662 1802 2696 et

209 2716 306 2750 tunc
324 2711 409 2748 laus
429 2711 504 2748 erit
522 2711 733 2761 unicuique
752 2724 775 2747 a
795 2711 889 2748 Deo.

294 2775 511 2877 Ξᾜᾱεζειεξὲε,
532 2829 713 2875 Domine,
740 2843 854 2879 super
884 2829 1094 2877 Cherubin,
1115 2829 1243 2867 excita
1261 2829 1478 2879 potentiam
1496 2832 1617 2876 tuam,
1639 2833 1679 2866 et
1696 2828 1797 2866 veni.

219 2884 258 2921 V.
291 2884 370 2929 Qui
388 2884 491 2933 regis
510 2884 646 2930 Israel,
668 2884 829 2920 intende
845 2896 855 2931 3
884 2884 952 2933 qui
970 2883 1128 2921 deducis
1146 2883 1258 2920 velut
1272 2897 1383 2920 ovem
1397 2883 1425 2920 J
1428 2883 1555 2932 oseph.
1599 2882 1796 2934 Alleluya.

220 2938 258 2976 V.
290 2937 445 2984 Excitat,
467 2938 648 2986 Domine,
668 2938 885 2988 potentiam
906 2942 1028 2984 tuam,
1049 2942 1088 2975 et
1110 2938 1209 2983 veni,
1229 2942 1276 2974 ut
1294 2938 1420 2974 salvos
1438 2937 1555 2975 facias
1574 2950 1654 2975 nos,
