1979 3348
839 235 998 277 Prosae.
1633 238 1713 277 299

130 345 208 391 Qui
226 347 376 384 assidue
395 347 581 384 melliflua
599 346 696 383 dant
714 346 864 383 cantica
882 346 965 394 ejus
983 345 1287 395 praedulcissima
1305 345 1410 394 pleni
1428 345 1560 395 gloria.

130 400 304 445 Quorum
337 401 575 437 celebrantes
604 400 805 438 sollemnia
834 400 1027 437 consortio
1040 399 1157 449 jungi
1186 412 1263 449 quo
1292 412 1510 437 mereamur
1538 398 1715 435 Christus

234 459 395 501 annuat,

127 506 205 551 Qui
223 512 357 545 nostra
376 512 436 544 est
453 507 584 556 gloria.

879 585 967 622 XL.

711 665 793 716 (DE
821 665 866 702 M
869 666 1126 715 ARTYRIBUS.)

204 746 328 783 Prosa
347 747 402 783 ad
417 746 623 794 Sequentia
641 746 670 783 J
672 746 752 783 usti
770 747 987 795 epulentur.

205 815 400 865 Alleluya.

124 878 301 915 ARGUTA
330 889 502 915 PLECTRO
532 889 710 914 SYLLABA
729 882 984 927 concrepante
1003 878 1170 926 promite
1189 881 1407 926 martyrum
1426 877 1629 926 praeconia.

124 931 291 980 Compta
309 936 498 968 vernante
517 932 683 969 melodia
701 932 830 968 canite
850 931 956 968 lenta
976 931 1156 977 tremula,

124 984 273 1022 Divina
290 985 418 1021 floridi
437 986 572 1035 gratia,
593 985 735 1022 hilares
755 989 794 1021 et
812 985 960 1021 laetitia.

124 1038 158 1075 O
189 1051 307 1088 quam
343 1039 525 1085 salubria,
559 1040 592 1076 O
624 1044 705 1086 tua,
734 1039 915 1086 Domine,
945 1038 1155 1088 splendida,
1192 1038 1225 1076 O
1255 1051 1372 1088 quam
1404 1038 1533 1074 lucida
1565 1051 1716 1087 semper

230 1105 402 1130 munera.

123 1146 227 1182 Laus
242 1151 282 1183 et-
296 1146 460 1183 victoria
475 1152 691 1195 martyrum
711 1146 859 1195 inclyta
874 1147 993 1193 Deus,
1010 1146 1043 1184 O
1059 1151 1104 1183 tu
1120 1160 1236 1196 quam
1251 1146 1400 1196 fulgida
1420 1146 1563 1182 sanctis
1577 1145 1710 1195 gloria.

122 1199 341 1236 Candidula
359 1201 476 1238 turba
494 1205 534 1237 te
555 1201 718 1237 nimium
735 1201 825 1237 fidei
844 1201 1056 1237 clarissima
1076 1214 1239 1250 sequens
1258 1203 1389 1237 anima

122 1253 275 1290 Labilia
295 1254 433 1291 lubrici
452 1255 634 1291 culminis
653 1255 783 1291 saeculi
803 1259 1088 1304 contempserat
1106 1259 1224 1304 atque
1245 1254 1404 1290 lubrica.

123 1307 202 1352 Qui
229 1320 298 1356 per
324 1311 364 1344 te
391 1308 533 1345 ferocia
560 1309 780 1345 sustinuere
810 1309 981 1355 verbera,
1012 1309 1179 1354 vincula,
1201 1312 1409 1352 tormenta,
1429 1320 1498 1356 per
1526 1307 1715 1356 supplicia

229 1362 319 1397 fessi
339 1363 519 1400 maxima.

123 1414 238 1452 Sacra
257 1415 493 1462 testimonia,
513 1416 639 1453 cordis
662 1416 803 1453 intimo
827 1416 995 1463 condita,
1015 1417 1206 1466 patientia
1225 1429 1320 1465 quos
1338 1415 1552 1452 refecerant
1571 1419 1610 1451 et
1629 1427 1715 1451 con—

230 1469 386 1505 stantia.

122 1522 264 1559 Tortor
282 1523 419 1560 insana
438 1527 573 1572 captus
592 1524 746 1560 insania
764 1528 922 1573 torquet
941 1537 1076 1573 aspera
1095 1524 1180 1560 dira
1199 1528 1350 1560 sanctos
1370 1522 1527 1571 ungula.

123 1576 280 1613 Pellens
300 1581 344 1613 ut
363 1576 468 1626 ligno
489 1582 618 1614 mente
638 1582 815 1627 apostata
833 1578 946 1627 proni
965 1577 1153 1627 supplici*
1173 1590 1266 1613 voce
1285 1578 1412 1613 ferant
1432 1577 1576 1612 munia.

123 1630 198 1667 Sed
218 1643 327 1667 mens
345 1631 448 1667 alma
467 1631 592 1679 patria
612 1632 694 1681 lege
714 1632 955 1681 praemonita,
972 1635 1084 1668 firma
1102 1636 1212 1681 petra
1230 1631 1402 1676 fundata,
1420 1630 1552 1666 cedere
1572 1630 1711 1674 nescia,

227 1697 413 1733 spernens
425 1685 518 1733 jura
536 1686 752 1734 tyrannica,

122 1737 337 1775 Profitetur
349 1739 503 1775 unicam
518 1740 594 1775 fide
606 1739 795 1776 catholica
809 1739 1043 1775 Trinitatem
1063 1752 1213 1788 supera,
1231 1738 1364 1784 infera,
1382 1738 1518 1784 media,
1534 1741 1713 1774 cunctam

229 1805 315 1841 quae
335 1792 434 1841 regit
453 1792 682 1830 machinam.

123 1845 185 1882 Sic
214 1845 501 1883 indomabiles†
527 1846 693 1884 caelestia
720 1851 911 1884 sectantes
930 1847 1173 1893 charismata,
1197 1846 1249 1883 sic
1269 1846 1480 1895 angelicam
1502 1846 1597 1882 secti
1616 1846 1714 1882 colla

228 1899 380 1936 intrant
398 1900 564 1949 patria-m
585 1914 592 1937 :

122 1952 173 1989 In
192 1966 270 2002 qua
287 1966 483 2003 purpurea
501 1954 702 2004 perspicua
720 1959 760 1992 et
778 1954 940 2004 perenni
958 1967 1132 2004 gemmea
1151 1954 1296 2003 compti
1314 1953 1446 1990 laurea
1464 1953 1538 1990 tibi
1553 1953 1710 2002 pulchra

228 2012 370 2044 sonant
388 2009 548 2045 cantica.

123 2061 298 2106 Quorum
319 2061 485 2109 benigne
504 2061 644 2099 festiva
662 2062 804 2112 gaudia
823 2066 864 2098 et
882 2061 1085 2098 laudantes
1105 2062 1306 2098 sollemnia
1325 2065 1370 2097 tu
1390 2074 1469 2106 nos,
1489 2060 1522 2097 O
1544 2060 1713 2097 Domine

225 2114 344 2161 salva,
365 2115 497 2152 libera.

122 2168 209 2213 Quo
233 2170 469 2218 sempiterna
501 2169 637 2206 donati
665 2170 793 2219 gratia
817 2182 905 2206 cum
930 2169 1167 2218 martyribus
1193 2173 1338 2206 aeterna
1362 2168 1539 2205 laetemur
1563 2168 1714 2217 fulgida

228 2235 378 2271 semper
396 2223 532 2271 patria.

121 2276 154 2313 O
175 2276 275 2313 bone
295 2276 459 2320 Christe,
480 2277 528 2313 da
547 2277 725 2323 caelestia,
748 2277 798 2314 (la
816 2277 928 2313 nobis
947 2277 1050 2313 alma
1068 2276 1195 2314 caelica
1213 2280 1409 2326 perpetuae
1430 2276 1520 2313 vitae
1539 2289 1668 2324 regna.

869 2405 980 2441 XLI.

709 2484 791 2536 <DE
820 2485 1123 2537 MARTYRIBUS.)

309 2566 432 2602 Prosa
451 2567 504 2602 acl
522 2566 550 2603 J
555 2570 662 2602 ustus
682 2570 727 2603 ut
745 2566 874 2615 palma
893 2567 1030 2604 minor.

308 2627 503 2677 Alleluya.

229 2691 405 2729 LAUDEM
433 2703 568 2729 chrrn
597 2692 687 2729 DEo
707 2696 923 2741 martyrum
942 2693 1068 2729 turba.

229 2745 308 2790 Qui
326 2759 395 2795 pro
414 2746 588 2782 mercede
607 2747 830 2783 certaminis
849 2746 968 2783 lucidi
988 2746 1158 2795 pretiosa

228 2799 312 2836 Vos
331 2799 430 2836 stola
449 2801 569 2836 vestit
587 2804 772 2849 perpetua
790 2813 965 2849 gemmea
983 2805 1023 2836 et
1035 2813 1176 2836 corona
1194 2814 1203 2846 3

229 2853 313 2890 Ubi
332 2858 477 2890 aeterna
497 2866 566 2889 vos
584 2853 668 2889 lilia

230 2906 352 2944 Grata
370 2907 614 2944 circumdant
631 2913 670 2943 et
690 2907 871 2944 balsama.

374 2989 390 3003 ³⁵
406 2988 672 3027 MS.—suppliea.
1101 2989 1124 3023 ’ί-
1145 2987 1289 3017 Ms.-in
1302 2988 1464 3018 domabile.
