1979 3348
474 218 565 259 Pro
591 217 731 273 playa
760 216 1029 260 Pestilentioe
1061 216 1282 259 cessanda.
1596 218 1678 259 233

171 328 488 366 Postcommunio.

172 383 428 432 Omnipotens
466 382 699 432 sempiterne
737 383 855 429 Deus,
892 382 960 432 qui
997 380 1401 419 commemorationem
1425 379 1679 417 Visitationis

90 437 212 473 beatae
241 437 378 472 Mariae
399 436 560 486 virginis
589 436 665 473 Dei
691 436 776 473 fieri
794 436 953 474 voluisti
967 449 977 482 3
1006 439 1157 486 praesta,
1178 447 1410 484 quaesumus,
1438 438 1484 470 ut
1511 447 1581 483 per
1606 434 1678 470 hoc

89 489 318 527 sacrificium
356 490 459 539 quod
497 491 730 539 sumpsimus
764 491 813 528 ab
846 490 1019 539 ejusdem
1051 488 1288 526 visitationis
1319 488 1445 538 gratia
1476 500 1678 537 nunquam

92 543 321 581 excidamus.
382 544 458 580 Per
476 544 652 582 eundem.

729 641 849 679 From
876 640 961 679 MS.
991 641 1039 678 D.

372 711 458 749 Pno
488 722 618 749 PLAGA
646 712 924 749 PESTILENTIA:
952 722 1157 749 CESSANDA
1186 721 1229 747 m
1258 710 1432 748 Porum.

173 763 357 814 Officium.

172 819 401 865 Recordare,
425 818 601 863 Domine,
626 819 853 856 testamenti
871 819 943 864 tui,
967 822 1007 855 et
1026 818 1088 855 dic
1106 818 1244 867 angelo
1263 817 1516 867 percutienti3
1548 816 1681 854 Cesset

85 873 169 921 jam
184 885 322 909 manus
334 877 414 918 tua,
428 877 473 909 ut
484 886 563 909 non
578 873 773 909 desoletur
783 878 899 918 terra,
914 877 953 910 et
965 886 1013 909 ne
1028 872 1166 921 perdas
1181 885 1334 908 omnem
1350 871 1523 908 animam
1534 871 1678 907 vivam.

172 925 364 963 Psalmus.

174 979 356 1024 Quiescat
369 980 464 1029 jam,
486 980 666 1025 Domine,
686 980 744 1017 ira
763 984 831 1017 tua
851 994 873 1017 a
892 980 1034 1030 populo
1056 983 1122 1017 tuo
1140 993 1148 1016 :
1173 992 1196 1016 a
1214 979 1375 1016 civitate
1393 982 1527 1015 sancta
1546 981 1626 1014 tua.

175 1033 315 1071 Oratio.

173 1086 292 1133 Deus,
319 1088 387 1136 qui
416 1101 495 1125 non
522 1088 582 1125 vis
607 1092 783 1135 mortem,
805 1088 871 1125 sed
897 1087 1167 1138 paenitentiam
1189 1086 1383 1123 desideras
1411 1089 1683 1135 peccatorum3

93 1140 281 1190 populum
299 1145 425 1187 tuum,
447 1155 677 1191 quaesumUS,
697 1143 745 1178 ad
775 1146 815 1179 te
840 1146 1021 1179 converte
1045 1141 1248 1192 propitius,
1270 1144 1309 1177 et
1338 1144 1385 1176 ut
1414 1140 1489 1176 tibi
1519 1139 1683 1176 devotus

92 1194 249 1241 existat,
271 1194 480 1232 iracundiae
499 1200 578 1232 tuae
597 1195 751 1244 flagella
769 1196 818 1233 ab
837 1209 881 1233 eo
901 1209 1091 1233 amoveas.
1150 1195 1227 1232 Per
1245 1194 1471 1231 Dominum.

173 1248 298 1285 Lectio
318 1249 430 1286 Libri
448 1249 596 1298 Bequm
619 1251 670 1298 (2
689 1250 788 1288 xxiv.
815 1249 967 1298 15-25).

174 1302 226 1338 In
253 1302 389 1339 diebus
416 1303 518 1341 illis:
547 1304 720 1341 Immisit
747 1303 941 1341 Dominus
969 1302 1236 1353 pestilentiam
1265 1314 1384 1350 usque
1412 1300 1467 1337 acl
1494 1300 1607 1350 plaga
1633 1299 1684 1336 ab

92 1355 225 1394 Israel.

194 1409 370 1448 Graclale.
429 1411 545 1448 Misit
572 1410 766 1449 Dominus
784 1412 948 1448 verbum
973 1424 1098 1457 suum,
1120 1414 1160 1447 et
1189 1409 1344 1447 sanavit
1375 1422 1449 1456 eos,
1471 1412 1511 1445 et
1540 1407 1686 1457 eripuit

94 1476 157 1500 eos
177 1463 224 1500 de
243 1464 410 1502 interitu
429 1478 574 1502 eorum.

100 1517 139 1554 V.
176 1517 448 1555 Oonfiteantur
484 1519 654 1556 Domino
696 1518 969 1556 misericordiae
1011 1519 1106 1568 erS‚
1145 1522 1186 1554 et
1228 1517 1424 1554 mirabilia
1465 1517 1496 1565 ej
1504 1529 1548 1552 us
1590 1514 1681 1551 filiis

92 1571 305 1609 hominum.

174 1625 369 1675 Alleluya.
436 1627 473 1663 V.
505 1627 609 1664 Sana
640 1627 827 1677 populum
854 1639 986 1664 meum
1015 1627 1058 1663 in
1085 1625 1212 1662 medio
1238 1624 1375 1671 Israel,
1395 1627 1435 1661 et
1464 1636 1529 1660 ero
1562 1623 1616 1659 eis
1643 1622 1687 1659 in

95 1678 224 1716 Deum
242 1679 285 1716 in
304 1680 471 1717 veritate
490 1685 529 1718 et
543 1681 711 1729 justitia.

173 1732 393 1771 Secundum
411 1734 561 1771 Lucam
578 1734 653 1782 (iv.
678 1734 829 1783 38-44).

175 1787 225 1823 In
253 1787 321 1824 illo
349 1792 522 1837 tempore
540 1803 547 1825 :
582 1788 753 1837 Surgens
784 1789 812 1825 J
815 1801 903 1825 esus
934 1787 982 1824 de
1012 1800 1207 1836 synagoga
1238 1786 1420 1823 introivit
1452 1785 1494 1822 in
1526 1784 1686 1821 domum

95 1840 264 1877 Simonis
283 1854 401 1890 usque
419 1842 473 1879 ad
491 1842 705 1891 praedicans
733 1842 774 1879 in
794 1842 1000 1892 synagogis
1020 1841 1201 1879 Galilaeae.

178 1894 432 1942 Offertorium.

176 1948 297 1985 Stetit
314 1949 493 1998 pontifex
511 1949 616 1986 inter
634 1954 808 1987 mortuos
826 1954 866 1987 et
885 1949 995 1986 vivos
1013 1949 1162 1985 habens
1180 1947 1429 1984 thuribulum
1456 1959 1618 1983 aureum
1647 1945 1689 1982 in

95 2014 214 2039 manu
233 2015 313 2049 sua,
335 2007 375 2039 et
394 2003 556 2040 offerens
574 2004 776 2041 incensum
795 2004 973 2041 sacrificii
991 2003 1139 2052 placuit
1156 2003 1256 2039 iram
1275 2001 1449 2049 Domini,
1466 2005 1506 2038 et
1525 1999 1690 2037 cessavit

94 2055 209 2106 plaga
223 2069 246 2092 a
264 2057 407 2106 populo
427 2057 561 2094 Israel.

175 2109 333 2148 Secreta.

179 2162 396 2201 subveniat
416 2164 537 2210 nobis,
555 2178 788 2213 quaesumus,
806 2164 987 2210 Domine,
1008 2163 1186 2200 sacrificii
1204 2163 1405 2213 praesentis
1424 2161 1583 2208 oblatio,
1601 2174 1688 2210 quae

97 2229 167 2253 nos
203 2217 253 2253 ab
290 2218 484 2254 erroribus
521 2219 712 2255 universis
744 2223 925 2268 potenter
952 2218 1142 2264 absolvat,
1176 2221 1216 2255 et
1245 2231 1268 2254 a
1299 2216 1423 2253 totius
1458 2214 1690 2266 perditionis

97 2271 254 2307 incursu
274 2275 454 2320 protegat
472 2276 512 2308 et
531 2272 723 2311 defendat.
782 2272 859 2310 Per
878 2272 1104 2309 Dominum.

180 2323 418 2363 Communia

179 2377 400 2415 Multitudo
429 2379 701 2429 languentium
733 2384 774 2417 et
804 2379 873 2429 qui
900 2379 1149 2416 vexabantur
1184 2392 1207 2415 a
1244 2378 1446 2428 spiritibus
1478 2377 1692 2414 immundis

100 2431 311 2468 veniebant
329 2433 379 2469 ad
397 2445 486 2470 eum
505 2437 546 2470 et
564 2435 811 2481 curabantur,
833 2434 925 2484 quia
943 2434 1069 2470 virtus
1088 2446 1138 2470 ex
1155 2432 1223 2470 illo
1241 2432 1335 2470 ibat.

180 2485 499 2524 Postcommunio.

180 2539 337 2577 Exaudi
355 2553 437 2586 nos,
454 2541 562 2577 Deus
581 2541 762 2578 salutaris
776 2545 919 2588 noster,
936 2545 976 2577 et
994 2540 1259 2577 intercedente
1270 2541 1385 2577 beata
1400 2540 1476 2577 Dei
1495 2539 1690 2590 genetrice

103 2592 242 2639 Maria,
273 2595 461 2643 populum
492 2599 608 2631 tuum
636 2596 686 2632 ab
715 2595 924 2633 iracundiae
950 2599 1029 2631 tuae
1048 2594 1262 2631 terroribus
1294 2594 1427 2641 libera,
1449 2598 1489 2631 et
1518 2594 1692 2643 ejusdem

101 2646 372 2685 misericordiae
390 2652 469 2685 tuae
487 2652 558 2685 tua
576 2649 636 2686 fac
654 2649 836 2698 largitate
855 2661 1039 2686 securam.
1098 2647 1176 2685 Per
1194 2648 1421 2687 Dominum.

747 2757 867 2796 From
885 2758 971 2796 MS.
994 2758 1042 2795 Ε.

663 2828 729 2865 ΒΕ
755 2839 904 2866 smero
931 2830 1132 2868 ANTONIO.

186 2900 411 2951 Quicunque
442 2902 542 2940 banc
571 2903 738 2941 Missam
769 2911 979 2953 sequentem
1008 2906 1133 2944 devote
1166 2907 1402 2945 celebraverit
1433 2908 1492 2946 vel
1516 2909 1694 2946 calebo-wi

97 2956 363 3002 procuraverit
380 2955 438 2994 vel
449 2957 620 2995 audierit
637 2958 681 2995 in
700 2958 838 2996 honore
856 2959 1019 2997 Domini
1037 2960 1160 2998 nostri
1177 2961 1274 2999 Jesu
1294 2961 1444 3001 Christi
1460 2967 1494 3000 et
1511 2963 1695 3012 reliqiosae
