1979 3348
753 217 879 260 Festa
907 216 1115 272 Auyusti.
1670 221 1723 261 89

142 328 266 365 beatis
294 328 532 378 martyribus
560 327 640 364 tuis
664 327 868 365 Timotheo
897 331 937 365 et
965 326 1260 377 SymphorianO,
1287 326 1487 364 dexteram
1515 339 1629 376 super
1654 340 1725 364 nos

142 384 221 418 tuae
239 381 527 431 propitiationis
546 381 722 419 extende.
781 381 858 418 Per
877 381 1104 419 Dominum.

222 435 407 484 Epistola.

222 488 275 525 In
292 489 471 526 omnibus
488 488 672 537 requiem,
694 494 728 525 et
751 494 868 525 cetera
880 502 895 533 ,·
925 488 1024 526 sicut
1049 488 1093 525 in
1117 488 1180 526 die
1199 486 1487 538 Assumptionis
1508 499 1608 525 more
1627 486 1725 525 Sim-

137 540 252 590 plicis
270 541 374 579 Festi
391 555 522 579 novem
541 542 772 579 Lectionum.

221 595 275 631 Ec
294 595 417 632 Credo
435 596 590 632 dicatur
602 609 617 640 ,·
645 594 795 632 Secreta
813 601 846 632 et
867 594 1186 642 Postcommunio,
1207 595 1306 633 sicut
1323 595 1368 632 in
1386 595 1457 632 die.

222 648 371 686 Secreta
399 650 444 686 de
471 648 723 697 fisartyribus.

222 703 395 751 Accepta
413 702 489 739 tibi
507 702 568 749 sit,
590 702 771 747 Domine,
796 704 937 738 sanctae
962 702 1085 750 plebis
1115 702 1261 738 oblatio
1289 715 1359 751 pro
1389 706 1548 739 tuorum
1577 701 1724 737 honore

141 759 390 803 sanctorum3
436 768 602 805 quorum
637 768 676 792 se
712 754 865 792 meritis
895 755 1108 804 percepisse
1144 755 1191 792 de
1227 755 1482 793 tribulatione
1528 754 1725 804 cognoscit

142 809 343 847 auxilium.
401 808 478 846 Per
506 808 730 846 Dominum.

220 862 538 900 Postcommunio.

218 915 358 952 Divini
377 916 549 952 muneris
575 915 757 965 largitate
779 914 923 961 satiati,
945 928 1178 964 quaesumus,
1199 915 1368 953 Domine
1389 915 1497 952 Deus
1515 918 1657 962 noster,
1678 918 1725 951 ut

137 969 467 1006 intercedentibus
510 969 635 1006 beatis
664 969 903 1018 martyribus
933 969 1012 1005 tuis
1042 969 1245 1006 Timotheo
1278 973 1317 1006 et
1355 969 1649 1019 Symphoriano‚
1682 968 1724 1005 in

138 1023 220 1071 ejus
239 1036 388 1072 semper
410 1022 708 1072 participatione
726 1023 914 1059 vivamus.
974 1022 1050 1059 Per
1070 1023 1296 1060 Dominum.

230 1173 376 1209 EODEM
404 1184 473 1210 DlE
502 1184 739 1210 SANCTORUM
767 1183 994 1210 MARTYRUM
1022 1172 1227 1210 ΤΙΜΟΤΗΕΙ
1256 1184 1305 1210 ΕΤ
1334 1173 1630 1211 SYMPHORIANI.

758 1238 826 1288 (xi.
858 1237 950 1275 Kal.
982 1237 1106 1289 Sept.)

227 1308 408 1356 Officzum.
468 1309 578 1345 Salus
597 1313 737 1345 autem.

217 1360 404 1410 Epistola.
462 1362 713 1411 Respondens
731 1374 833 1398 unus
853 1361 900 1398 de
919 1361 1148 1399 senioribus.

221 1415 396 1453 Gradale.
454 1416 482 1452 J
485 1420 661 1452 ustorum
689 1416 839 1452 animae.

217 1469 413 1518 Alleluya.
482 1469 519 1506 V.
550 1469 683 1505 Sancti
702 1470 773 1514 tui,
795 1469 975 1516 Domine,
998 1469 1235 1506 benedicent.

218 1522 481 1570 Evcmqelium.
540 1523 621 1571 Ego
650 1535 736 1558 sum
763 1523 866 1560 vitis.

226 1576 476 1623 Offertorimn.
535 1576 738 1612 Mirabilis.

220 1628 457 1667 Communia
516 1629 598 1678 Ego
626 1642 712 1666 sum
740 1629 849 1676 vitis.

361 1768 412 1804 IN
440 1768 612 1804 VIGILIA
639 1778 778 1805 sANcri
807 1768 1126 1804 BARTHOLOMAEI.
1187 1768 1239 1817 (x.
1265 1767 1355 1804 Kal.
1379 1767 1505 1817 Sept.)

225 1866 406 1913 Officium.
464 1865 547 1914 Ego
565 1869 697 1902 autem
716 1865 817 1901 sicut
836 1864 949 1901 oliva.

226 1920 365 1956 Oratio.
423 1919 596 1955 Concede
614 1919 737 1964 nobis,
759 1932 992 1967 quaesumus,
1013 1919 1258 1968 omnipotens
1279 1918 1396 1965 Deus,
1418 1923 1631 1956 venturam.

218 1972 403 2021 Epistola.
462 1973 624 2009 Justum
657 1972 830 2009 deduxit.

221 2025 397 2063 Gradale.
455 2027 483 2063 J
487 2030 596 2063 ustus
623 2030 669 2062 ut
699 2026 834 2075 palma.

219 2079 265 2116 Si
292 2080 341 2116 sic
368 2080 588 2125 Dominica,
618 2080 812 2129 Alleluya.
880 2079 916 2116 V.
948 2079 1091 2116 Justns
1109 2092 1190 2117 non
1209 2080 1517 2118 conturbabitur.

219 2133 483 2181 Evauyelimz.
542 2134 631 2170 Hoc
660 2137 717 2170 est
744 2137 990 2182 praeceptum.

227 2187 476 2234 Offertorimn.
535 2187 669 2223 Gloria
696 2192 735 2223 et
763 2187 918 2223 honore.

222 2239 457 2278 Communia
517 2241 662 2290 Magna
690 2244 757 2277 est.

660 2379 710 2415 IN
739 2389 818 2415 DIE.
878 2378 946 2427 (ix.
969 2378 1060 2415 Kal.
1085 2378 1208 2429 Sept.)

218 2465 281 2502 Ad
311 2465 484 2502 Missam.
552 2464 731 2513 Officium.
790 2465 894 2501 Mihi
921 2469 1062 2501 autem.

227 2519 366 2556 Oratio.

220 2572 476 2622 Omnipotens
496 2573 727 2622 sempiterne
743 2573 860 2618 Deus,
876 2572 944 2621 qui
961 2572 1078 2620 hujus
1097 2571 1175 2608 diei
1193 2572 1454 2608 venerandam
1474 2577 1723 2623 sanctamque

137 2626 316 2663 laetitiam
334 2626 441 2662 beati
461 2626 738 2663 Bartholomaei
760 2626 924 2675 apostoli
952 2626 1012 2662 tui
1040 2625 1256 2662 festivitate
1285 2626 1488 2672 tribuisti,
1530 2626 1579 2663 da
1609 2628 1721 2664 eoele-

139 2680 203 2717 siae
222 2684 311 2726 tuae,
333 2693 564 2729 quaesumus,
585 2684 624 2717 et
643 2693 771 2716 amare
795 2680 898 2728 quod
929 2679 1104 2724 credidit,
1135 2683 1175 2715 et
1204 2680 1411 2729 praedicare
1441 2680 1544 2729 qnod
1575 2681 1717 2717 docuit.

143 2733 220 2770 Per
248 2733 471 2770 Dominum.
1363 2736 1366 2741 ’

220 2787 410 2824 Memoria
428 2788 472 2824 de
490 2786 629 2824 Sancto
648 2787 842 2823 Audoeno.
907 2786 1047 2824 Oratio.

221 2840 339 2887 Deus,
360 2841 429 2889 qui
447 2854 655 2889 perennem
680 2840 843 2889 gloriam
870 2839 1103 2876 sanctissimi
1131 2840 1356 2877 confessoris
1383 2841 1444 2877 tui
1463 2844 1580 2889 atque
1598 2842 1724 2890 ponti-

141 2893 222 2930 ficis
241 2894 423 2931 Audoeni
443 2895 580 2930 animae
606 2893 807 2931 contulisti
820 2907 831 2939 3
859 2893 1000 2940 tribue,
1022 2906 1254 2942 quaesumus,
1278 2894 1359 2943 ejus
1387 2907 1457 2931 nos
1477 2895 1579 2943 apud
1604 2899 1643 2931 te
1667 2895 1723 2931 ita

141 2948 362 2996 patrociniis
381 2948 593 2994 sublimari,
615 2952 662 2985 ut
680 2960 768 2984 cum
787 2960 831 2984 eo
849 2947 973 2984 vitam
991 2947 1253 2997 possideamus
1271 2952 1466 2985 aeternam.
1526 2948 1610 2984 Per.
