1979 3348
549 232 581 272 Ι
583 246 614 272 η
643 231 763 273 Festo
797 230 975 272 Coronoe
1005 229 1205 272 Domini.
1593 228 1672 267 221

349 342 565 392 Sequentia.

534 406 576 443 Si
595 405 653 442 vis
673 419 762 443 vere
781 406 940 456 gloriari

587 460 640 496 Et
659 473 681 495 a
701 460 786 496 Deo
805 459 982 496 coronari

640 513 802 549 Honore
822 518 861 549 et
879 513 1002 562 gloria
1019 527 1026 557 ;

533 567 650 603 Hanc
670 580 849 603 coronam
870 567 1047 603 venerari

586 620 750 657 Studeas
770 624 887 669 atque
907 621 1046 656 sectari

639 673 842 710 Portantis
862 673 1035 722 vestigia.

532 735 649 772 Hanc
669 735 850 771 oaelorum
870 748 939 771 rex
962 735 1146 784 portavit,

584 789 810 825 Honoravit
830 793 868 825 et
889 788 1056 825 sacravit

639 842 755 879 Sacro
775 855 843 878 suo
864 842 990 891 capite
1004 855 1015 889 3

530 896 581 932 In
600 895 672 932 hac
691 896 800 945 galea
819 896 1021 945 pugnavit,

586 949 686 986 Cum
705 950 914 998 antiquum
933 949 1082 986 hostem
1102 949 1254 996 stravit,

636 1003 900 1052 Triumphans
919 1003 962 1039 in
981 1003 1123 1053 stipite.

530 1065 628 1101 Haec
648 1065 859 1114 pugnantis
877 1065 997 1115 galea,

583 1119 879 1168 Triumphantis
898 1119 1042 1165 laurea,

637 1173 753 1209 Tiara
772 1173 965 1222 pontificis
981 1187 992 1220 5

532 1226 712 1263 Primum
732 1227 807 1263 fuit
827 1227 972 1276 spinea,

586 1280 841 1317 Postmodum
862 1281 907 1317 fit
926 1294 1043 1318 aurea

637 1334 759 1371 Tactu
779 1334 904 1371 sancti
923 1335 1090 1371 verticis.

530 1395 740 1446 Spinarum
759 1396 911 1433 aculeos

583 1449 726 1487 Virtus
745 1450 837 1487 fecit
856 1463 991 1488 aureos

638 1503 785 1540 Christi
804 1505 993 1553 passionis
1007 1517 1019 1551 ς

532 1557 626 1602 Quae
646 1558 813 1606 peccatis
832 1558 997 1607 spineos,

584 1611 727 1648 Mortis
746 1617 902 1648 aeternae
922 1625 1018 1657 reos,

637 1665 885 1714 Adimplevit}
904 1666 1026 1703 bonis.

528 1722 588 1759 De
608 1722 721 1758 malis
740 1722 946 1771 colligitur,

582 1776 635 1812 Et
656 1776 703 1812 de
722 1776 844 1825 spinis
862 1776 1051 1825 plectitur

636 1829 778 1879 Spinea
797 1830 986 1879 perversis
1000 1843 1010 1876 ;

528 1882 602 1920 Sed
624 1883 666 1919 in
685 1897 824 1920 aurum
845 1884 1025 1929 vertitur,

582 1937 747 1981 Quando
768 1937 881 1986 culpa
899 1938 1054 1975 tollitur

635 1991 792 2028 Eisdem
812 1992 1014 2028 conversis.

527 2047 555 2085 J
558 2048 708 2085 ocunda
727 2049 912 2096 mysteria

583 2102 686 2138 Sunt
705 2102 795 2148 haec,
819 2102 885 2138 sed
904 2102 1068 2139 materia

635 2155 845 2192 Praesentis
864 2155 1011 2192 laetitiae
1025 2169 1035 2203 3

528 2208 655 2246 Nobis
675 2214 733 2245 est
753 2208 926 2253 historia,

582 2263 669 2308 Qua
687 2266 867 2312 patenter
889 2263 1054 2300 Francia

635 2316 855 2353 Coronatur
874 2317 996 2354 hodie.

528 2373 662 2421 Hujus
682 2375 879 2410 coronatio

581 2427 741 2464 Coronae
760 2428 964 2477 susceptio,

634 2481 755 2531 Cujus
774 2483 915 2518 festum
934 2482 1083 2532 agimus
1097 2496 1112 2530 ;

528 2533 673 2572 Debito
692 2548 779 2572 cum
799 2536 939 2585 gaudio

581 2588 635 2625 Et
653 2589 919 2626 anniversario

634 2642 797 2680 Honore
816 2644 1029 2681 recolimus.

527 2700 723 2738 Thesauro
741 2705 822 2739 tam
841 2702 974 2749 nobili,

580 2754 677 2791 Tam
697 2755 942 2792 desiderabili

630 2807 753 2845 Dives
774 2822 813 2845 es
833 2809 994 2857 effecta3

522 2862 642 2899 Terra
660 2875 794 2899 carens
814 2862 943 2908 simili,

576 2916 722 2953 Carens
741 2917 1006 2965 comparabili,

631 2969 716 3008 Deo
737 2970 970 3021 praedilecta.
