1979 3348
220 215 273 256 96
794 214 922 256 Festa
951 212 1225 269 Septembris.

297 323 485 373 Epistola.
542 324 570 361 J
574 328 685 361 ustus
703 337 769 361 cor
788 337 912 362 suum.

300 378 479 415 Gradale.
537 378 592 415 Os
604 378 718 427 justi.

296 431 494 480 Alleluya.
560 431 597 468 V.
630 431 712 468 Iste
732 435 896 468 sanetus,

299 483 531 536 [Sequentia.
591 485 803 533 Organicis,
825 490 870 521 ut
887 485 932 521 in
953 483 1363 537 Communi—MSS]

298 539 562 587 Evanyeh'um.
621 539 749 575 Nemo
769 538 978 575 lucernam.

299 591 550 639 Offirtorz‘zc-m.
609 592 777 628 Veritas.

296 645 454 683 Secreta.

295 699 539 744 Intercessio,
561 712 795 748 quaesumus,
817 699 999 745 Domine,
1020 700 1127 737 beati
1145 699 1279 749 Egidii
1302 699 1456 736 abbatis
1480 712 1644 737 munera
1668 704 1802 737 nostra

216 753 470 799 commendet,
492 766 639 802 nosque
659 754 741 802 ejus
762 754 962 791 veneratio
989 758 1125 791 sancta
1147 758 1225 791 tuae
1245 753 1441 803 majestati
1460 753 1597 790 reddat
1615 758 1799 804 acceptos.

216 806 294 843 Per
313 806 537 843 Dominum.

298 858 345 911 [A
354 861 408 897 lia
425 860 585 897 Secreta.

294 914 429 963 Hujus
448 914 522 950 tibi
541 914 729 963 precibus,
751 914 930 960 Domine,
952 928 1185 964 quaesumus,
1205 914 1281 951 tibi
1299 918 1411 964 grata
1429 915 1616 951 reddatur
1643 914 1800 956 oblatio,

215 980 285 1016 pro
305 968 416 1016 cujus
437 972 495 1004 est
513 968 729 1005 festivitate
748 968 959 1006 immolata.
1018 969 1094 1006 Per
1114 968 1483 1006 Dominum.—MS.
1505 967 1568 1020 E]

295 1020 532 1058 Communia
592 1021 738 1059 Beatus
757 1035 902 1059 servus.

295 1075 642 1112 Postcommmz‘io.÷÷

295 1128 538 1174 Quaesumus,
560 1129 803 1178 omnipotens
824 1129 943 1173 Deus,
963 1133 1010 1165 ut
1037 1129 1106 1178 qui
1134 1129 1300 1166 caelestia
1328 1129 1514 1166 alimenta
1547 1129 1798 1178 percepimus,

212 1182 477 1219 intercedente
505 1183 618 1219 beato
643 1182 783 1232 Egidio
815 1183 965 1228 abbate,
997 1187 1132 1219 contra
1160 1183 1290 1219 omnia
1317 1183 1541 1219 muniamur
1568 1183 1739 1227 adversa,
1761 1187 1800 1219 et

213 1236 263 1272 ad
293 1239 438 1272 aeterna
469 1236 610 1285 gaudia
639 1236 908 1284 consequenda
937 1249 1022 1286 spes
1051 1237 1164 1273 nobis
1195 1240 1378 1286 suppetat
1408 1241 1447 1273 et
1478 1236 1652 1273 facultas,
1723 1236 1801 1273 Per

215 1288 440 1326 Dominum.

294 1341 403 1393 [Alia
422 1343 741 1380 Postcommmzio.

293 1397 453 1442 Praesta,
470 1409 699 1445 quaesumus,
717 1397 899 1442 Domine,
915 1401 960 1433 ut
979 1397 1212 1434 sacramenti
1231 1397 1292 1434 tui
1311 1397 1610 1447 participatione
1628 1397 1799 1445 vegetati

212 1451 337 1488 sancti
356 1464 509 1500 quoque
528 1451 714 1500 martyris
734 1450 860 1487 Prisci
878 1451 1057 1501 precibus
1076 1451 1316 1501 adjuvemur.
1376 1451 1605 1488 Fen—MS.
1628 1449 1692 1502 F]

372 1627 424 1663 In
451 1626 763 1665 TRANSLATmNn:
790 1638 928 1665 SANCTI
957 1627 1202 1665 CUTHBERTI.
1264 1627 1385 1679 (Prid.
1409 1628 1512 1665 Non.
1536 1628 1659 1679 Sept.)

295 1730 478 1778 Officium.
539 1730 689 1767 Statuit
710 1730 754 1767 ei.

295 1784 438 1820 Oratio.

293 1837 550 1887 Omnipotens
582 1837 815 1886 sempiterne
849 1837 967 1884 Deus,
1003 1838 1071 1887 qui
1103 1851 1252 1887 semper
1281 1851 1321 1874 es
1353 1842 1392 1875 et
1424 1838 1568 1888 ubique
1597 1839 1796 1885 mirabilis,

213 1904 434 1940 quaesumus
479 1891 724 1927 clementiam
761 1897 883 1938 tuam,
914 1895 960 1927 ut
997 1892 1097 1928 sicut
1129 1893 1242 1928 beato
1276 1892 1492 1929 Outhberto
1524 1893 1699 1942 pontifici
1729 1897 1798 1930 tuo

213 1945 449 1981 eminentem
468 1945 632 1994 gloriam
651 1946 864 1990 contulisti,
886 1946 939 1982 sic
959 1946 1007 1982 ad
1036 1945 1345 1994 consequendam
1365 1946 1669 1983 misericordiam
1687 1951 1797 1984 tuam

212 2000 295 2048 ejus
313 2012 383 2035 nos
401 1999 517 2035 facias
536 1999 713 2048 precibus
733 1999 919 2047 adjuvari.
978 1999 1054 2035 Per
1073 1999 1298 2036 Dominum.

291 2061 483 2097 stlemoria
502 2061 546 2098 de
565 2067 694 2097 sancto
714 2060 864 2107 Birino,
887 2059 1064 2109 episcopo.
1125 2061 1269 2098 Oratio.
1330 2062 1401 2109 Da,
1425 2075 1654 2111 quaesumus.

291 2123 477 2171 Epistola.
536 2123 634 2159 Ecce
653 2123 837 2159 sacerdos.

294 2184 470 2221 Graclale.
528 2184 699 2221 Juravit.

291 2239 487 2287 Alleluya.
553 2238 589 2276 V.
622 2238 649 2275 J
652 2242 764 2275 ustus
782 2238 1028 2288 germinabit.

290 2300 505 2349 Sequentia.

658 2353 777 2390 Pater
796 2353 974 2390 Verbum
994 2353 1196 2398 eructavit,

658 2407 785 2443 Verbi
804 2420 889 2444 rore
909 2407 1146 2457 germinavit

711 2461 739 2497 J
742 2464 852 2497 ustus
872 2461 935 2497 hic
954 2466 999 2497 ut
1018 2461 1157 2506 lilium,

659 2514 843 2563 Regnum
862 2518 998 2550 tenens
1017 2518 1057 2551 et
1075 2527 1296 2564 supernum,

660 2567 744 2604 Ubi
763 2568 875 2604 floret
895 2569 937 2604 in
957 2572 1146 2604 aeternum

714 2622 823 2657 Ante
843 2622 919 2658 Dei
939 2622 1095 2658 Filium.

661 2674 744 2711 Iste
763 2676 842 2711 suis
862 2675 903 2711 in
923 2675 1059 2712 diebus

662 2728 838 2765 Mundus
857 2729 995 2765 mundi
1013 2742 1145 2765 carens
1165 2729 1279 2766 rebus

717 2781 862 2819 Carens
881 2783 966 2819 labe
981 2783 1164 2829 criminis,

292 2884 308 2899 ἲ
330 2883 398 2912 Ms.
424 2881 620 2911 F.—Divina
644 2881 782 2910 libantes
809 2883 968 2920 mysteria,
996 2893 1066 2921 quae
1094 2893 1153 2921 pro
1180 2883 1368 2912 sanctissimi
1395 2883 1584 2912 confessoris
1611 2884 1657 2912 tui
1684 2883 1788 2920 Egidii

213 2923 412 2952 veneratione
432 2924 494 2951 tuae
520 2921 692 2950 obtulimus
718 2922 884 2958 majestati,
904 2925 1028 2959 praesta,
1050 2932 1241 2960 quaesumus,
1263 2923 1405 2959 Domine,
1430 2926 1463 2952 ut
1490 2932 1545 2961 per
1571 2932 1639 2952 eam
1665 2924 1788 2953 veniam

213 2971 387 2992 mereamur
400 2963 608 3000 peccatorum,
621 2963 653 2990 et
667 2960 798 2991 caelestis
812 2962 922 2999 gratim
935 2962 1025 2992 donis
1037 2962 1220 2992 reficiamur.
1263 2962 1331 2991 Per.
