1979 3348
632 216 774 258 Missa
799 231 885 271 pro
916 216 1158 272 Defmzctis.
1618 220 1698 259 183

103 326 281 363 fidelibus
300 327 400 363 vivis
420 340 462 363 ac
482 327 677 364 defunctis
697 328 739 364 in
759 332 865 364 terra
883 327 1104 364 viventium
1124 326 1247 363 vitam
1262 330 1302 362 et
1321 327 1494 375 requiem
1511 331 1697 364 aeternam

103 380 274 416 concede.
335 380 412 416 Per
430 381 606 417 eundem.

181 433 341 471 Secreta,

181 486 300 532 Deus,
317 486 386 536 qui
400 500 467 536 per
482 487 718 537 singularem
732 488 838 524 unici
854 487 948 524 Filii
962 487 1022 524 tui
1042 486 1210 537 corporis
1226 486 1395 523 hostiam
1413 487 1538 523 totius
1558 487 1696 524 mundi

101 540 251 577 solvisti
280 540 422 577 delicta
436 554 446 587 3
477 541 548 578 hac
577 541 772 578 oblatione
800 542 921 577 beatae
941 541 1114 589 ejusdem
1139 540 1216 577 Dei
1243 541 1449 590 genetricis
1470 554 1697 590 semperque

102 593 264 643 Virginis
296 594 434 631 Mariae
467 595 720 643 omniumque
750 599 973 631 sanctorum
1003 594 1278 630 intercessione
1310 594 1497 642 placatus,
1526 595 1696 631 maculas

101 648 288 684 scelerum
315 652 539 684 nostrorum
567 649 755 697 absterge,
789 652 829 684 et
863 648 1038 684 omnium
1073 647 1386 684 Christianorum
1418 648 1590 684 fidelium
1626 661 1693 684 seu

100 701 354 737 familiarium
368 706 590 738 nostrorum
606 702 784 738 vivorum
803 705 921 750 atque
940 705 1183 738 mortuorum
1203 705 1358 750 peccata
1377 701 1545 747 dimitte,
1562 701 1694 750 eisque

101 755 259 802 praemia
281 759 428 791 aeterna
447 755 621 792 concede.
681 755 757 791 Per
776 755 953 791 eundem.

180 817 499 853 Postcommmzio.

180 870 346 919 Sumpta
381 874 640 916 sacramenta,-
675 882 906 918 quaesumus,
941 869 1122 914 Domine,
1156 869 1325 906 caelestia
1362 870 1492 906 onmia
1529 870 1694 906 crimina.

96 927 228 960 nostra
244 924 469 973 detergant3
488 936 720 972 omnemque
740 923 978 972 pravitatem
995 927 1033 960 et
1053 923 1325 959 infirmitatem
1346 937 1412 960 seu
1434 924 1554 960 etiam
1575 923 1694 960 hosti—

99 977 175 1013 lem
206 977 543 1026 impugnationem
576 977 771 1014 visibilem
805 981 844 1013 et
876 977 1126 1022 invisibilem,
1158 982 1277 1026 atque
1309 978 1480 1013 subitam
1513 981 1690 1022 mortem,

99 1030 247 1067 meritis
266 1031 389 1067 beatae
411 1031 486 1067 Dei
505 1030 712 1080 genetricis
732 1044 959 1080 semperque
980 1031 1142 1079 virginis
1163 1030 1301 1067 Mariae
1322 1036 1361 1067 et
1381 1031 1557 1067 omnium
1586 1044 1691 1067 sanc-

98 1088 241 1131 torum,
270 1097 294 1120 a
321 1084 433 1121 nobis
461 1085 596 1134 procul
624 1084 817 1134 repellant
831 1098 841 1131 3
874 1089 914 1121 et
942 1085 1124 1121 omnibus
1153 1084 1332 1121 fidelibus
1362 1084 1595 1121 Christianis
1624 1098 1691 1121 seu

95 1138 215 1174 etiam
234 1138 384 1174 cunctis
404 1138 664 1174 familiaribus
693 1138 837 1174 nostris
862 1139 964 1174 vivis
988 1152 1031 1175 ac
1058 1138 1251 1175 defunctis
1279 1139 1430 1187 prosint
1450 1139 1499 1175 ad
1519 1139 1688 1184 veniam,

98 1204 165 1239 pro
185 1204 350 1240 quorum
371 1205 614 1241 quarumque
633 1192 707 1228 tibi
733 1196 827 1228 sunt
846 1192 977 1228 oblata
997 1191 1133 1229 salute.
1191 1192 1268 1229 Per
1286 1193 1454 1229 eundem
1475 1193 1690 1229 Dominum

97 1248 274 1282 nostrum
294 1246 321 1282 J
325 1259 442 1282 esum.
503 1246 582 1290 Qui
596 1250 727 1282 tecum
748 1246 849 1282 vivit
869 1250 908 1282 et
927 1250 1074 1295 regnat.

631 1399 765 1435 MISSA
794 1410 869 1435 PRO
908 1398 1156 1435 DEFUNCTIS.

179 1450 364 1499 Officium.

176 1504 369 1554 Requiem
389 1509 575 1542 aeternam
595 1506 698 1543 dona
717 1507 784 1552 eis,
807 1506 975 1542 Domine
995 1521 1001 1542 :
1041 1509 1080 1542 et
1099 1505 1169 1541 lux
1189 1509 1376 1555 perpetua
1396 1506 1524 1542 luceat
1544 1506 1608 1542 eis.

176 1559 369 1596 Psalmus.

176 1612 230 1649 Te
272 1607 382 1649 decet
423 1613 604 1661 hymnus,
650 1613 770 1657 Deus,
807 1613 848 1648 in
891 1613 985 1649 Sion
1006 1627 1013 1649 :
1061 1616 1101 1648 et
1139 1612 1213 1648 tibi
1250 1612 1439 1648 reddetur
1476 1617 1613 1648 votum
1652 1613 1693 1649 in

96 1666 346 1702 Hierusalem
365 1680 372 1703 :
401 1667 545 1703 exaudi
564 1667 781 1703 orationem
800 1679 926 1702 meam
948 1680 956 1703 ε
1003 1666 1051 1702 ad
1072 1670 1111 1702 te
1131 1666 1257 1702 omnis
1277 1679 1364 1702 caro
1384 1666 1527 1703 veniet.

178 1719 320 1757 Oratio.

174 1774 339 1820 Inclina,
362 1773 543 1820 Domine,
566 1787 700 1810 aurem
715 1778 826 1811 tuam
839 1773 887 1810 ad
901 1787 1032 1823 preces
1047 1777 1210 1819 nostras,
1226 1773 1368 1822 quibus
1381 1773 1689 1810 misericordiam

94 1832 205 1864 tuam
225 1828 417 1876 supplices
445 1828 708 1877 deprecamur,
731 1832 776 1864 ut
796 1827 967 1864 animam
986 1827 1125 1863 famuli
1153 1828 1226 1872 tui,
1247 1840 1364 1876 quam
1385 1827 1432 1863 de
1461 1827 1532 1863 hoc
1553 1827 1693 1864 saeeulo

93 1881 258 1929 migrare
281 1881 444 1930 jussisti,
483 1882 526 1917 in
562 1882 666 1931 pacis
703 1895 746 1918 ac
784 1882 882 1918 lucis
920 1882 1076 1930 regione
1114 1881 1341 1927 constituas,
1383 1885 1422 1917 et
1460 1886 1688 1918 sanctorum

93 1943 252 1971 tuorum
305 1935 445 1984 jubeas
491 1948 572 1972 esse
618 1939 846 1972 consortem.
942 1935 1019 1971 Per
1056 1934 1273 1971 Dominum
1320 1939 1500 1971 nostrum
1547 1935 1573 1971 J
1578 1949 1686 1971 esum

95 1988 295 2025 Christum
316 1989 463 2024 Filium
481 1992 602 2026 tuam.

172 2042 252 2079 Pro
272 2056 423 2090 corpore
435 2044 620 2091 prcesentz'
640 2043 787 2079 <licitur
805 2043 881 2079 ista
901 2043 1068 2091 epistola.

174 2096 299 2133 Lectio
319 2096 409 2133 libri
428 2096 479 2131 M
476 2097 738 2133 cccliabceooum
757 2097 806 2146 (2
826 2096 893 2132 (rii.
918 2097 1069 2145 43-45).

174 2149 225 2185 In
253 2149 388 2186 diebus
416 2149 505 2196 illis,
536 2150 615 2186 Vir
651 2150 887 2186 fortissimus
924 2150 1061 2193 Judas,
1091 2148 1297 2186 collatione
1334 2149 1437 2185 facta
1478 2162 1599 2197 usque
1637 2150 1690 2186 ad

93 2216 162 2252 pro
185 2203 378 2239 defunctis
397 2216 569 2250 exorare,
590 2207 636 2240 ut
655 2217 678 2240 a
696 2204 861 2253 peccatis
882 2204 1095 2240 solvantur.

174 2256 351 2293 Gradale.

172 2310 364 2359 Requiem
385 2314 570 2347 {eternam
589 2311 691 2347 dona
711 2311 776 2357 eis,
799 2311 969 2348 Domine
993 2325 1001 2348 ;
1029 2314 1068 2347 et
1087 2310 1158 2346 lux
1177 2314 1366 2360 perpetua
1385 2310 1515 2346 luceat
1536 2310 1602 2346 eis.

101 2365 137 2401 Γ.
167 2365 354 2411 Absolve,
377 2365 558 2411 Domine,
581 2365 730 2401 animas
751 2378 884 2402 eorum
904 2365 952 2401 ab
978 2365 1087 2401 omni
1107 2364 1264 2401 vinculo
1285 2364 1527 2401 delictorum.

175 2418 347 2455 Tractus.

173 2472 234 2508 De
252 2472 457 2520 profundis
476 2472 641 2508 clamavi
661 2473 709 2509 ad
729 2477 781 2519 te,
799 2472 967 2509 Domine
985 2486 992 2510 :
1023 2472 1205 2518 Domine,
1229 2471 1374 2508 exaudi
1394 2484 1528 2508 vocem
1547 2484 1685 2508 meam.

103 2525 138 2562 Γ.
171 2525 290 2562 Fiant
308 2539 420 2562 aures
440 2530 517 2562 tuae
537 2526 785 2563 intendentes
803 2540 809 2562 :
838 2526 880 2562 in
900 2526 1114 2563 orationem
1136 2526 1239 2562 servi
1258 2525 1329 2562 tui.

102 2579 139 2615 Γ.
172 2578 215 2615 Si
232 2579 462 2628 iniquitates
482 2581 756 2626 observaveris,
780 2580 973 2616 Domine:
1003 2580 1184 2626 Domine,
1206 2579 1294 2628 quis
1314 2578 1525 2615 sustinebit
1543 2580 1556 2614 2

102 2633 138 2668 Γ.
172 2633 273 2677 Quia
301 2633 405 2682 apud
432 2637 472 2670 te
500 2634 727 2683 propitiatio
757 2638 838 2670 est:
887 2638 927 2669 et
955 2637 1114 2683 propter
1141 2634 1265 2683 legen]
1294 2637 1405 2669 tuam
1435 2632 1606 2669 sustinui
1634 2636 1684 2675 te,

94 2686 272 2723 Domine.

172 2740 251 2777 Pro
271 2754 421 2789 corpore
435 2740 619 2789 prcesenti
638 2741 794 2777 dicatur
812 2741 918 2777 istud
937 2741 1185 2789 ermiyelizcm.

173 2793 394 2830 Secumlwn
413 2794 631 2832 ,Iohannem
654 2795 730 2843 (xi.
755 2794 906 2844 21-27).

173 2846 224 2883 In
251 2847 319 2883 illo
346 2851 534 2897 tempore,
564 2847 682 2884 Dixit
711 2848 871 2884 Martha
899 2848 947 2884 ad
976 2848 1003 2884 J
1007 2861 1142 2894 esum3
1175 2848 1359 2894 Domine,
1384 2847 1418 2883 si
1445 2847 1584 2883 fuisses
1612 2846 1688 2891 hic,

91 2900 213 2937 frater
232 2913 340 2937 meus
359 2914 438 2938 non
457 2902 593 2938 fuisset
613 2906 792 2938 mortuus
808 2915 926 2951 usque
946 2902 998 2938 ml
1016 2906 1061 2938 tu
1082 2915 1121 2938 es
1147 2902 1327 2939 Christus
1349 2901 1474 2938 Filius
1495 2901 1572 2937 Dei
1595 2900 1690 2937 vivi.

92 2954 160 3003 qui
179 2954 221 2990 in
239 2954 343 2991 hunc
362 2956 554 2991 mundum
574 2955 729 2992 venisti.
