1979 3348
657 212 791 267 Seque
798 211 904 254 ntioe
936 211 1209 253 Communes.
1649 211 1729 253 205

301 324 334 360 O
355 324 477 369 bea-te,
499 323 532 359 O
554 326 685 359 sancte
704 323 770 369 N.‚
792 336 862 372 pro
880 322 992 359 nobis
1011 322 1198 371 supplica,

299 377 361 414 Ut
393 382 462 413 tua
494 389 712 412 mereamur
753 381 885 413 sancta
913 389 981 424 per
1015 376 1198 424 suffragia
1232 375 1360 412 eaelica
1394 376 1587 425 possidere
1616 389 1733 425 regna

407 430 656 474 lucidissima,
677 431 818 480 gaudio
839 444 925 479 quae
945 435 1038 466 sunt
1057 430 1182 479 plena.

300 484 361 521 Sit
381 484 464 520 Deo
484 484 568 520 laus
588 485 712 520 honor
731 488 768 520 et
782 484 966 533 jubilatio
986 484 1100 529 clara,

300 538 378 583 Qui
397 542 534 586 regnat
553 550 622 586 per
641 538 771 574 omnia
789 537 1017 574 saeculorum
1036 537 1184 574 saecula.

298 592 431 627 Amen
447 592 579 627 dicant
598 592 738 627 omnia.

217 645 271 682 In
294 645 422 681 natali
449 645 568 681 ‘zozius
602 644 824 693 cmvfessoris
851 658 931 681 non
949 645 1148 693 pontificis
1177 645 1255 682 sive
1280 645 1435 682 abbatis.
1511 645 1729 694 Sequentia.

141 699 358 749 OrganiciS,
379 705 422 734 ut
442 712 572 747 supra.

218 752 273 789 In
291 753 417 789 natali
430 752 694 801 plurimorum
712 751 979 799 consessorum.
1042 751 1259 800 Sequentia.

300 806 445 843 Mundi
464 811 578 842 aetate
598 809 734 842 octava

300 860 516 896 Florebunt
535 859 681 908 duplici
699 859 829 908 palma
848 859 1052 895 beatorum
1072 859 1239 908 agmina,

300 913 469 962 Corpore
488 913 703 962 glorificato
723 916 984 961 conregnante
1003 913 1144 949 anima.

300 967 530 1003 Induuntur
548 967 665 1003 stolas
684 967 807 1012 binas,
823 967 1046 1016 quicunque
1065 967 1174 1015 prius
1193 972 1422 1004 meruerunt
1442 969 1623 1018 singulas.

298 1021 524 1070 Fulgebunt
537 1020 639 1069 justi
657 1024 845 1069 tanquam
866 1020 933 1067 sol,
955 1025 995 1057 et
1014 1021 1123 1057 velut
1143 1021 1245 1057 clara
1264 1022 1345 1058 caeli
1366 1022 1587 1069 luminaria,

300 1074 446 1111 Omnes
465 1074 596 1111 omnia
614 1074 747 1120 scient,
769 1074 888 1110 verba
908 1074 1123 1119 cessabunt,
1145 1075 1358 1124 loquentur
1376 1081 1514 1112 mutuo
1534 1077 1657 1113 corda.

301 1128 396 1164 Una
416 1129 591 1164 omnium
610 1128 797 1177 Alleluya
815 1141 895 1164 vox
913 1132 981 1175 est,
1005 1141 1123 1178 quam
1142 1129 1273 1177 signat
1294 1129 1506 1178 Sequentia
1525 1144 1622 1180 pura
1642 1144 1734 1168 voce

406 1182 577 1218 dicenda.

219 1236 271 1274 In
290 1236 417 1273 natali
436 1236 556 1272 unius
574 1235 738 1284 viminis
757 1241 790 1272 et
808 1236 1004 1284 martyris.
1063 1234 1279 1284 Sequentia.

300 1290 556 1326 Exsultemus
575 1290 618 1325 in
637 1290 708 1326 hac
728 1289 790 1326 die
810 1290 962 1335 festiva,

300 1344 532 1380 Recolentes
552 1343 714 1379 Domini
734 1344 940 1392 magnalia,
962 1344 1005 1379 in
1030 1344 1172 1380 sanctis
1191 1344 1261 1393 qui
1275 1349 1459 1394 operatur
1476 1347 1648 1384 maxima
1665 1361 1676 1394 ς

302 1398 380 1442 Qui
399 1398 504 1434 inter
523 1411 591 1434 sua
610 1397 796 1446 potentiae
816 1397 915 1434 mira
935 1397 977 1433 in
990 1398 1188 1446 virginum
1209 1402 1267 1434 est
1286 1399 1480 1436 maximus
1498 1400 1631 1448 gloria.

301 1451 380 1488 Sua
399 1451 503 1487 enim
522 1452 649 1500 gratia
667 1451 807 1486 mundi
830 1451 948 1487 viluit
967 1451 1186 1500 virginibus
1205 1465 1357 1501 pompa²

300 1506 436 1554 Atque
451 1511 586 1541 contra
605 1508 798 1554 praecepta
817 1518 951 1554 regum
972 1505 1120 1541 restitit
1133 1506 1338 1554 virginalis
1357 1519 1498 1556 pugna.

300 1559 415 1595 Furit
434 1559 560 1595 rabies
579 1572 731 1603 vesana,
752 1558 905 1595 devicta
928 1559 1113 1595 tristatur
1131 1560 1282 1596 malitia
1295 1573 1305 1606 3

300 1613 503 1649 Crudescit
522 1612 564 1648 in
583 1625 696 1648 carne
716 1616 861 1658 tenera,
878 1613 1023 1661 majora
1037 1613 1211 1661 exquirit
1229 1617 1435 1650 tormenta.

301 1666 377 1703 Sed
396 1671 490 1702 tunc
510 1671 589 1702 stat
607 1666 756 1702 firmior
774 1666 868 1702 fides
887 1667 1072 1715 virginea,

300 1720 409 1756 Dum
427 1720 742 1769 multiplicantur
760 1732 862 1756 nova
879 1720 1068 1769 supplicia
1085 1735 1092 1757 1

301 1774 379 1810 Pro
399 1778 544 1810 aeterna
564 1787 678 1823 quam
696 1778 926 1822 exspectant
941 1788 963 1810 a
983 1774 1068 1810 Deo
1088 1774 1222 1823 gloria,

301 1828 507 1864 Laetantur
525 1828 706 1864 mortalia
720 1827 839 1877 affligi
857 1841 926 1864 sua
946 1841 1115 1877 corpora,

301 1882 403 1926 Quia
422 1886 514 1917 sunt
534 1881 758 1918 transitoria
778 1888 816 1918 et
834 1882 875 1918 in
894 1886 1004 1918 motu
1033 1883 1163 1918 subito
1182 1883 1354 1919 labentia
1372 1884 1509 1920 mundi
1524 1885 1675 1933 gaudia,

301 1936 362 1973 Ut
381 1936 493 1972 flores
513 1935 674 1972 decidua
689 1948 699 1981 3
727 1948 777 1972 ex
795 1936 866 1972 hac
886 1936 1061 1983 virginea
1078 1940 1181 1973 sorte
1200 1937 1364 1973 claruit*
1380 1937 1446 1981 N.⁵

301 1989 423 2038 Cujus
464 1989 579 2026 hodie
618 1989 855 2026 celebramus
895 1990 1107 2036 sollemnia,
1146 1990 1354 2040 splendens
1393 1991 1499 2028 inter
1534 1992 1641 2038 alias,
1690 1999 1733 2030 ut

406 2043 543 2079 lucifer
560 2043 665 2079 inter
682 2044 851 2080 minores
870 2043 1013 2080 stellas.

301 2096 427 2145 Virgo
452 2097 564 2133 beata
583 2097 740 2133 fortiter
759 2097 885 2134 ferens
915 2097 1056 2143 omnia,
1077 2110 1148 2134 nec
1176 2098 1277 2134 mori
1302 2112 1483 2136 recusans
1502 2113 1571 2149 pro
1596 2100 1730 2150 gloria,

408 2163 478 2200 pro
498 2151 608 2186 nobis
627 2151 690 2199 pie
706 2151 835 2187 Deum
855 2164 982 2197 exora,

302 2203 364 2241 Ut
382 2204 425 2240 in
444 2204 532 2240 aula
544 2208 674 2240 tecum
687 2205 947 2253 jocundemur
966 2205 1142 2251 aetherea‚
1165 2218 1257 2254 pace
1276 2210 1463 2255 perpetua
1482 2220 1491 2252 ;

301 2258 355 2294 Et
376 2271 463 2294 cum
479 2258 622 2294 sanctis
641 2271 733 2295 voce
752 2258 974 2295 laetabunda
989 2258 1251 2296 collaudemus
1266 2260 1480 2297 Dominum
1497 2274 1566 2310 per
1580 2263 1728 2299 saecula.

220 2311 274 2349 In
292 2312 419 2348 natali
437 2312 558 2349 ‘unius
575 2312 739 2359 virqim's
757 2326 835 2349 ozon
854 2313 1048 2361 martyris.
1107 2312 1324 2361 Sequentia.

301 2366 481 2414 Virginis
496 2366 725 2402 venerandae
745 2367 792 2402 de
810 2380 972 2402 numero
992 2366 1212 2415 sapientum
1227 2367 1326 2405 festa
1345 2368 1580 2406 celebremus
1600 2371 1702 2416 socii,

301 2419 413 2456 Filiae
432 2420 568 2456 matris
587 2421 728 2456 summi
747 2420 867 2469 Regis
885 2424 1134 2457 sacrosanctae
1155 2421 1303 2468 Mariae,

302 2473 427 2518 Quam
450 2473 524 2509 sibi
543 2474 583 2509 in
603 2487 771 2510 sororem
792 2474 867 2510 Dei
887 2474 1090 2524 adoptavit
1111 2474 1247 2512 Filius.

302 2527 401 2563 Haec
421 2540 558 2576 corpus
577 2540 692 2564 suum
711 2528 863 2564 domuit
881 2528 1001 2565 fraeno
1023 2528 1179 2577 jejunii,

302 2581 401 2617 Haec
421 2581 619 2617 luxuriam
639 2582 760 2618 secuit
780 2595 870 2618 ense
889 2583 1076 2630 agoniae‚†

303 2635 402 2671 Haec
421 2639 555 2671 eontra
574 2639 732 2672 cunctos
752 2636 889 2672 mortis
908 2636 1110 2672 dimicavit
1129 2636 1310 2685 impetus,

302 2688 401 2725 Haec
415 2689 564 2725 hostem
580 2693 785 2725 cruentum
803 2690 903 2726 freta
922 2689 999 2726 Dei
1017 2690 1158 2726 dextra
1175 2694 1368 2727 straverat
1386 2704 1397 2738 3
1436 2719 1452 2724 ..
1554 2724 1557 2726 ,
1580 2694 1632 2726 ’-.

303 2743 400 2779 Haec
416 2756 600 2791 sponsum
620 2743 667 2779 ab
687 2743 776 2779 aula
804 2743 887 2779 caeli
906 2756 987 2780 sese
1006 2743 1247 2780 invisentem.
1260 2745 1398 2781 alacris

304 2796 427 2833 Corde
442 2796 612 2845 jocundo
631 2800 774 2843 secuta,
795 2797 879 2846 ejus
899 2801 956 2833 est
974 2797 1145 2844 ingressa.
1163 2798 1390 2835 thalamum.

299 2850 328 2886 J
330 2863 392 2886 am
400 2850 509 2899 virgo
522 2850 699 2887 dulcibus
711 2850 825 2900 plena
836 2850 995 2897 deliciis,
1005 2851 1160 2888 Christo
1173 2852 1346 2889 miserias
1358 2857 1510 2890 nostras
1522 2854 1730 2903 suggerito,

302 2904 428 2940 Nobis
447 2904 750 2941 consolationem
778 2904 979 2953 precando.

301 2973 317 2988 ¹
339 2973 478 3003 Edd.—-“
489 2973 635 3003 clauserit
648 2974 663 2987 ”
677 2974 739 3003 and
754 2975 770 2990 “
783 2973 853 3002 laus
868 2973 954 3002 erit.”
1085 2975 1102 3013 †
1124 2975 1339 3005 Ηο1·εἷ<>1·(1---Η
1351 2975 1575 3013 parsi111oniae.''
