1979 3348
290 208 372 251 270

800 206 1105 262 Comparattve
1139 207 1369 250 &alendam

880 496 1294 539 DECEMBRIS.

827 686 976 723 SAmm.
1251 686 1384 723 YORK.

503 763 593 800 Kal.
1075 791 1082 798 .
1142 761 1207 799 SS.
1228 761 1439 811 Chrysanti
1451 765 1489 798 eb

1255 826 1385 863 Dariae

400 893 475 929 IV.
495 891 599 930 Non.

393 957 475 994 III.
496 957 600 993 Non.
712 985 720 992 .
832 984 840 993 .
953 984 961 992 .

422 1023 478 1060 II.
497 1022 600 1059 Non.
659 1021 696 1058 S.
719 1020 913 1058 osmundi
953 1049 962 1057 .

493 1087 597 1123 Non.

358 1152 485 1189 VIII.
543 1151 602 1188 Id.
662 1150 698 1187 S.
721 1149 878 1187 Nicolai
965 1178 973 1186 .
1294 1149 1347 1187 id.

380 1216 480 1255 VII.
539 1216 598 1252 Id.
660 1215 744 1252 Oct.
768 1214 806 1252 S.
828 1214 1011 1251 Andreae.
1299 1215 1352 1252 id.

406 1283 482 1320 VI.
542 1282 601 1320 Id.
662 1280 873 1331 Conceptio
886 1281 922 1318 S.
942 1280 1079 1317 Mariae
1299 1280 1352 1317 id.

429 1348 481 1384 V.
540 1347 601 1384 Id.

406 1413 484 1450 IV.
544 1413 602 1449 Id.

395 1475 478 1512 III.
537 1474 596 1511 Id.

427 1540 484 1576 II.
544 1539 605 1578 Id.

538 1603 596 1640 Id.
656 1603 694 1640 S.
718 1602 847 1639 Luciae
1297 1601 1349 1639 id.

355 1669 479 1706 XIX.
505 1668 694 1705 Ka1.Jan.

310 1734 480 1772 XVIII.
509 1733 602 1771 Kal.

337 1799 483 1836 XVII.
510 1797 604 1835 Kal.

363 1864 483 1901 XVI.
512 1863 605 1899 Kal.

384 1928 479 1966 XV.
513 1927 604 1964 Kal.

363 1994 484 2031 XIV.
511 1993 603 2031 Kal.

358 2059 484 2096 XIII.
512 2058 605 2096 Kal.
771 2054 923 2106 Vigilia
964 2086 972 2094 .
1298 2054 1350 2091 id.

382 2124 486 2161 XII.
514 2123 607 2161 Kal.
666 2121 702 2158 S.
725 2121 882 2158 Thomae
965 2149 973 2157 .
1300 2119 1353 2156 id.

412 2188 490 2226 XI.
518 2187 611 2225 Kal.

436 2254 489 2291 X.
518 2252 609 2290 Kal.

410 2320 489 2357 IX.
516 2318 609 2356 Kal.
774 2317 925 2366 Vigilia
968 2345 976 2353 .
1300 2315 1355 2352 id.

365 2385 490 2422 VIII.
517 2384 610 2422 Kal.
670 2383 874 2420 Nativitas
918 2381 1092 2429 Domini,

731 2449 768 2487 S.
791 2448 1015 2485 Anastasiae
1089 2475 1100 2486 .
1303 2446 1356 2484 id.

388 2516 489 2553 VII.
515 2515 608 2553 Kal.
667 2514 703 2552 S.
724 2513 915 2564 Stephani
969 2543 979 2552 .
1303 2511 1356 2549 id.

416 2581 491 2618 VI.
520 2580 612 2617 Kal.
671 2579 708 2616 S.
731 2578 1086 2628 Johannis‚evang.
1303 2576 1359 2613 id.

437 2644 488 2682 V.
515 2644 608 2681 Kal.
667 2643 735 2680 SS.
758 2642 1038 2680 Innocentium
1092 2670 1101 2680 .
1304 2639 1358 2678 id.

418 2709 495 2746 IV.
523 2707 616 2745 Kal.
675 2708 711 2745 S.
728 2707 885 2744 Thomae
902 2707 1087 2744 Cantuar.
1307 2705 1360 2742 id.

411 2774 494 2811 III.
522 2773 615 2811 Kal.

374 2876 377 2879 ,
431 2840 489 2877 II.
516 2839 610 2877 Kal.
670 2839 707 2876 S.
732 2838 914 2877 Silvestri
970 2869 977 2875 .
1306 2836 1360 2874 id.

1568 687 1810 725 HEREFORD.

1545 761 1611 799 SS.
1623 761 1835 811 Chrysanti
1847 766 1886 799 et

1629 826 1761 863 Dariae

1591 955 1629 993 S.
1651 955 1783 992 Birini

1591 1049 1601 1059 .
1671 1020 1723 1058 id.

1595 1243 1605 1252 .
1675 1214 1729 1252 id.

1593 1309 1604 1320 .
1674 1279 1728 1318 id.

1596 1471 1633 1509 S.
1657 1472 1819 1508 Damasi

1594 1630 1605 1642 .
1675 1601 1726 1638 id.
