1979 3348
277 219 361 260 220
748 217 812 260 In
842 217 963 260 Festo
998 216 1179 260 Coronae
1209 216 1412 260 Domini.

357 329 515 367 Sem-eta.

357 382 407 419 In
441 382 691 421 veneratione
711 381 881 419 nominis
910 382 1042 418 dilecti
1062 381 1156 418 Filii
1184 381 1246 418 tui
1265 381 1428 419 Domini
1453 382 1578 419 nostri
1597 382 1625 420 J
1628 395 1695 419 esu
1716 381 1876 429 Christi,

275 437 386 474 Deus
424 436 544 474 Pater
580 436 945 482 misericordiarum,
988 435 1140 472 devotis
1178 436 1376 473 mentibus
1414 437 1561 473 hostias
1600 436 1846 473 immolamus
1867 450 1878 483 3

276 491 507 541 suppliciter
539 491 801 540 deprecantes,
835 493 881 526 ut
914 502 1044 526 earum
1079 489 1228 526 virtute
1262 489 1411 526 cunctis
1440 490 1643 539 egentibus
1672 494 1879 539 praestetur

275 544 478 591 auxilium,
502 549 548 581 ut
567 544 610 581 in
629 544 763 581 eodem
783 543 941 581 nomine
960 543 1208 591 delectantes,
1231 543 1444 580 salutarem
1464 544 1525 581 sui
1543 544 1733 594 propositi
1752 557 1880 582 conse·

275 603 450 647 quantur
469 599 659 635 effectum.
718 597 804 634 Per.

359 659 451 698 Com
459 674 490 697 m
500 661 601 698 unio.

356 713 547 751 Vincenti
580 713 679 750 dabo
699 726 844 750 manna
862 712 1144 760 absconditum,
1176 717 1216 750 et
1234 713 1333 750 dabo
1353 712 1414 749 illi
1431 712 1623 750 calculum
1642 713 1850 751 candidum
1869 727 1876 750 :

276 770 317 804 et
336 767 377 804 in
397 768 543 805 calculo
563 781 710 805 novum
729 781 874 804 nomen
892 767 1094 817 scriptum,
1115 767 1219 817 quod
1239 780 1352 804 nemo
1371 767 1484 804 novit
1502 767 1579 804 nisi
1599 767 1667 816 qui
1685 767 1836 817 accipit.

358 832 681 870 Postcommum'o.

358 885 611 924 Sacrosancta
630 886 815 936 mysteria
835 899 921 935 quae
941 885 1188 935 sumpsimus,
1210 886 1391 932 Domine,
1421 886 1470 923 ad
1490 886 1676 922 honorem
1695 886 1879 935 complac-

276 939 469 977 entissimi
491 940 655 977 Domini
674 941 800 977 nostri
819 940 845 977 J
850 953 917 976 esu
938 940 1088 977 Christi
1106 940 1258 977 devotis
1287 939 1468 977 cordibus
1488 939 1712 985 recolentes,
1733 953 1882 988 quaesu-

277 1007 375 1040 mus,
392 1001 439 1030 ut
452 994 694 1031 incrementa
713 994 927 1043 spiritualis
943 994 1218 1031 exsultationis
1237 993 1350 1030 nobis
1368 993 1624 1038 accumulent,
1640 997 1680 1030 et
1698 994 1881 1031 affectum

277 1051 455 1084 nostrum
493 1048 543 1084 ad
575 1049 647 1085 hoc
680 1048 928 1084 salutiferum
956 1061 1097 1085 nomen
1128 1048 1280 1097 jugiter
1316 1047 1621 1097 imprimendum
1654 1048 1878 1094 accendant,

278 1105 318 1138 et
355 1101 403 1138 ad
435 1102 690 1151 jubilandum
727 1102 769 1138 in
805 1101 834 1138 J
837 1115 905 1138 esu
942 1102 1134 1138 salvatore
1171 1105 1305 1138 nostro
1342 1101 1575 1148 dulcissimo,
1615 1105 1700 1138 tota
1736 1102 1881 1139 mentis

277 1155 497 1193 attentione
517 1159 782 1205 promoveant.
842 1155 919 1192 Per
938 1156 1114 1193 eundem.

361 1217 454 1271 [Per
474 1226 571 1257 totas
592 1220 752 1257 Octavas
771 1220 918 1257 dicitur
945 1220 1072 1256 flsissa
1093 1220 1294 1269 praedicta,
1316 1219 1471 1268 quando
1500 1220 1545 1257 de
1567 1219 1719 1257 Octavis
1737 1220 1880 1268 (tydwr,

277 1274 342 1311 sed
379 1273 460 1311 sine
499 1274 634 1311 Credo.
692 1274 901 1322 ,Sequentia
938 1287 1013 1323 per
1047 1273 1219 1320 Octavas,
1247 1274 1276 1311 J
1279 1287 1366 1311 esus
1408 1274 1570 1324 pulcher
1601 1274 1644 1310 in
1681 1274 1883 1312 decore.—

279 1326 365 1365 Ms.
390 1325 452 1380 c]

768 1432 820 1469 IN
849 1431 982 1469 Fns'ro
1013 1432 1191 1470 CORONAE
1219 1431 1392 1469 Domm.

363 1486 550 1534 (fficium.

360 1540 609 1577 Gaudeamus
634 1553 768 1578 omnes
800 1540 844 1577 in
872 1540 1056 1587 Domino,
1080 1540 1184 1577 diem
1203 1540 1349 1577 festum
1377 1539 1616 1576 celebrantes
1644 1539 1718 1576 sub
1737 1539 1882 1576 honore

279 1606 429 1631 coronae
462 1594 653 1632 Domini:
682 1595 730 1632 de
767 1595 879 1644 cujus
912 1595 1177 1632 sollemnitate
1213 1594 1387 1645 gaudent
1425 1593 1554 1643 angeli
1587 1598 1626 1630 et
1659 1592 1883 1631 collaudant

280 1647 430 1685 Filium
450 1648 536 1686 Dei.

359 1709 552 1747 Psalmus.

361 1764 546 1801 Gaudent
564 1763 694 1814 angeli
721 1768 761 1802 et
788 1764 991 1802 exsultant
1018 1764 1242 1815 archangeli
1261 1778 1269 1803 :
1299 1764 1486 1802 laetantur
1503 1766 1544 1801 et
1563 1763 1886 1813 congratulantur

278 1830 412 1855 omnes
431 1818 567 1857 sancti.

362 1879 507 1918 Oratio.

360 1934 521 1980 Praesta,
543 1947 778 1984 quaesumus,
799 1934 1046 1984 omnipotens
1066 1934 1186 1980 Deus,
1209 1937 1254 1970 ut
1282 1933 1351 1983 qui
1379 1934 1422 1970 in
1444 1934 1672 1971 memoriam
1692 1934 1884 1984 passionis

281 1987 446 2025 Domini
465 1988 592 2025 nostri
610 1988 638 2025 J
641 2001 708 2025 esu
728 1988 876 2026 Christi
905 2001 1086 2025 coronam
1115 1988 1198 2037 ejus
1226 1987 1402 2037 spineam
1429 2001 1663 2025 veneramur
1680 1989 1723 2025 in
1742 1988 1858 2025 terris
1877 2001 1885 2033 ;
1913 1992 1917 1997 ’

280 2042 330 2079 ab
350 2042 434 2092 ipso
452 2042 576 2092 gloria
594 2046 634 2079 et
653 2042 797 2079 honore
817 2042 995 2079 coronari
1013 2055 1231 2078 mereamur
1249 2042 1292 2078 in
1311 2042 1423 2079 caelis.
1483 2042 1561 2087 Qui
1580 2047 1720 2079 tecum.

362 2107 490 2145 Lectio
509 2108 599 2145 libri
617 2107 827 2157 Sapienti&
846 2106 1083 2157 (Canticum
1103 2106 1364 2153 Cantz'corum,
1386 2107 1444 2144 iii.
1470 2108 1574 2147 7-11,
1595 2108 1643 2144 iv.
1669 2108 1703 2154 1,
1726 2107 1749 2144 8
1753 2110 1792 2155 )

364 2162 572 2199 Lectulum
606 2161 825 2199 Salomonis
855 2161 1060 2211 sexaginta
1079 2161 1199 2198 fortes
1217 2161 1397 2198 ambiunt
1426 2174 1475 2198 ex
1494 2161 1717 2198 fortissimis
1736 2161 1882 2199 Israel:

284 2228 419 2253 omnes
448 2220 629 2253 tenentes
661 2215 822 2265 gladios,
854 2220 894 2252 et
931 2215 980 2252 ad
999 2215 1102 2252 bella
1121 2215 1345 2253 doctissimi.
1422 2215 1747 2265 Uniuscujusque
1783 2215 1885 2252 ensis

282 2283 398 2320 super
417 2270 545 2307 femur
563 2283 679 2307 suuni
706 2274 866 2319 propter
894 2269 1052 2306 timores
1081 2274 1302 2307 nocturnos.
1362 2268 1571 2308 Ferculum
1599 2269 1692 2306 fecit
1721 2269 1796 2306 sibi
1813 2282 1883 2306 rex

282 2324 469 2361 Salomon
488 2324 535 2361 de
555 2324 673 2374 lignis
693 2323 845 2360 Libani.
905 2323 1115 2360 Columnas
1135 2324 1166 2372 ej
1174 2336 1219 2360 us
1247 2323 1340 2360 fecit
1358 2328 1571 2373 argenteas,
1593 2323 1884 2360 reclinatorium

282 2391 458 2425 aureum,
480 2391 682 2415 ascensum
710 2391 976 2428 purpureum:
1007 2378 1136 2414 media
1164 2378 1326 2414 caritate
1355 2377 1571 2414 constravit
1598 2381 1759 2427 propter
1785 2377 1885 2414 filias

282 2431 546 2469 Hierusalem.
606 2431 854 2482 Egredimini
890 2432 980 2468 filiae
1016 2431 1121 2476 Sion,
1158 2436 1197 2468 et
1234 2431 1366 2468 videte
1399 2445 1530 2481 regem
1564 2431 1811 2468 Salomonem
1842 2431 1884 2468 in

281 2486 502 2523 diademate
522 2498 599 2535 quo
618 2486 821 2523 coronavit
840 2499 928 2522 eum
949 2490 1075 2522 mater
1093 2499 1163 2522 sua
1182 2485 1224 2522 in
1243 2485 1306 2523 die
1331 2485 1641 2535 desponsationis
1659 2484 1766 2521 illius
1785 2488 1826 2521 et
1843 2483 1882 2522 in

282 2539 346 2576 die
366 2539 513 2577 laetitiae
531 2540 658 2577 cordis
678 2540 770 2589 ejus.
831 2539 959 2584 Quam
980 2539 1142 2589 pulchra
1161 2553 1213 2585 es,
1233 2539 1358 2576 amica
1377 2552 1473 2585 mea,
1496 2552 1613 2589 quam
1641 2538 1805 2588 pulchra
1831 2551 1881 2576 es.

284 2593 401 2631 Oculi
414 2593 476 2631 tui
493 2593 761 2631 columbarum
777 2594 923 2643 absque
938 2606 982 2630 eo
998 2593 1101 2643 quod
1117 2593 1351 2630 intrinsecus
1370 2593 1477 2630 latet.
1536 2592 1643 2630 Veni
1658 2592 1705 2630 de
1721 2592 1883 2638 Libano,

281 2660 423 2697 sponsa
441 2660 528 2684 mea
542 2661 552 2694 3
572 2647 666 2684 veni
685 2648 732 2684 de
752 2647 902 2684 Libano
918 2660 928 2694 ;
957 2647 1048 2684 veni
1067 2647 1319 2684 coronaberis.

363 2700 561 2750 Alleluya.
629 2701 666 2738 V.
698 2701 823 2738 Tuam
843 2714 1024 2739 coronam
1053 2701 1269 2747 adoramus,
1296 2700 1466 2739 Domine
1485 2714 1493 2738 ε
1528 2704 1641 2737 tuum
1672 2699 1883 2751 gloriosum

281 2755 489 2792 recolimus
508 2755 763 2805 triumphum.

363 2808 562 2859 Alleluya.
641 2809 678 2847 V.
710 2809 902 2846 Diadema
921 2808 1101 2859 spineum

771 2863 1019 2900 Veneremur
1042 2862 1157 2900 hodie
1177 2876 1186 2901 ε

715 2917 837 2965 Cujus
856 2930 925 2966 per
943 2917 1121 2953 aculeum

769 2970 926 3007 Sertum
945 2971 1064 3008 datur
1082 2970 1224 3021 gloriae.
