1979 3348
263 238 319 278 84

872 234 999 277 Festa
1028 233 1238 289 Auyusti.

690 345 751 382 Tu
770 344 908 382 civitas
926 344 1029 394 regis
1042 343 1222 393 justitiae,

690 399 749 436 Tu
770 403 894 435 mater
913 411 953 435 es
972 397 1257 444 misericordiae,

690 452 950 501 Theophilum
969 451 1184 488 reformans
1202 450 1338 500 gratiae

745 506 805 542 De
825 505 911 541 lacu
930 505 1033 542 faecis
1054 508 1093 541 et
1111 505 1287 542 miseriae.

690 560 745 596 Te
764 559 926 596 caelestis
945 558 1141 595 collaudat
1161 559 1279 604 curia,

690 613 786 658 Quae
806 616 930 649 mater
949 626 989 649 es
1012 612 1113 661 regis
1132 616 1171 648 et
1191 612 1283 657 filia,

690 666 768 704 Per
786 670 826 703 te
845 667 922 703 reis
941 666 1110 702 donatur
1129 666 1244 703 venia
1257 679 1268 712 3

744 720 821 757 Per
839 724 878 757 te
893 720 1011 769 justis
1031 719 1228 757 confertur
1247 719 1382 769 gratia.

692 775 797 824 Ergo
816 775 934 811 maris
954 774 1066 811 stella

690 828 819 865 Verbi
840 828 917 864 Dei
936 828 1034 865 cella

746 881 801 918 Et
819 882 910 919 solis
928 894 1078 928 aurora,

692 935 872 973 Paradisi
890 939 1015 985 porta,

693 989 770 1027 Per
789 1003 907 1039 quam
925 989 997 1025 lux
1016 992 1075 1025 est
1094 992 1189 1035 orta,

747 1043 900 1079 Natum
919 1047 1034 1080 tuum
1054 1055 1130 1079 ora.

695 1096 756 1134 Ut
777 1110 847 1133 nos
866 1097 993 1133 solvat
1012 1109 1035 1133 a
1053 1095 1233 1145 peccatis,

748 1150 802 1186 Et.
820 1150 864 1186 in
882 1163 1000 1199 regno
1020 1149 1223 1195 claritatis,

696 1204 783 1249 Quo
802 1204 874 1240 lux
892 1204 997 1240 lucet
1017 1203 1161 1249 sedula,

749 1257 922 1294 Collocet
939 1270 1010 1304 per
1029 1256 1179 1293 saecula.
1237 1255 1378 1292 Amen.

344 1345 609 1394 Evcwzyelium.
663 1344 839 1381 Intravit
858 1345 975 1382 Jesus
993 1344 1037 1380 in
1056 1343 1249 1393 quoddam
1268 1341 1478 1380 castellum.

352 1399 603 1448 Offirtorium.
661 1398 751 1435 Ave
771 1399 900 1436 Maria
918 1399 1045 1448 gratia
1065 1398 1188 1448 plena.

345 1453 542 1502 Prcefatio.
601 1452 654 1490 Et
673 1456 713 1490 te
731 1453 774 1489 in
793 1453 1086 1501 Assumptionc.

347 1507 588 1547 Communia
647 1506 861 1544 Benedicta
879 1521 902 1543 a
921 1506 1010 1543 filio.

346 1578 518 1616 Secundo
537 1577 598 1614 die
616 1576 728 1625 ’ἐπ-βά
755 1576 913 1613 Octavus
931 1575 1219 1624 Assumptiom's
1238 1575 1350 1612 beatoe
1369 1572 1419 1608 M
1416 1570 1519 1609 arioe.

696 1646 797 1693 Ave,
819 1646 958 1683 mundi
977 1659 1074 1695 spes,
1097 1645 1228 1682 Maria
1244 1658 1254 1691 3

699 1703 787 1737 Ave
806 1700 925 1747 mitis,
947 1713 1017 1736 ave
1037 1699 1112 1748 pia,

751 1755 841 1791 Ave
860 1754 975 1803 plena
992 1753 1120 1803 gratia
1134 1766 1145 1800 3

698 1808 786 1845 Ave
806 1808 915 1857 virgo
936 1807 1156 1856 singularis,

701 1863 797 1907 Quae
817 1875 885 1911 per
903 1861 1047 1897 rubum
1067 1860 1282 1910 designaris

753 1916 847 1952 Non
867 1928 1023 1964 passum
1042 1914 1232 1951 incendia.

699 1970 790 2007 Ave
808 1982 895 2006 rosa
914 1969 1094 2018 speciosa,

754 2023 846 2060 Flos
865 2036 1032 2059 vernans
1051 2035 1121 2072 per
1140 2021 1292 2068 saecula,

702 2077 825 2125 Cujus
844 2076 998 2113 fructus
1018 2075 1143 2112 nostri
1162 2075 1291 2112 luctus

756 2130 970 2167 Relaxavit
989 2129 1156 2166 vincula.

702 2186 804 2231 Ave,
828 2185 938 2233 cujus
958 2183 1110 2220 viscera

704 2239 852 2276 Contra
872 2236 1026 2275 carnis*
1045 2237 1189 2273 foedera

758 2292 981 2328 Ediderunt
1000 2291 1159 2327 Filium.

704 2346 804 2393 Ave,
827 2359 960 2382 carens
981 2345 1099 2381 simili
1114 2358 1124 2391 3

705 2399 859 2436 Mundo
879 2399 947 2436 diu
965 2398 1088 2435 fiebili

758 2453 968 2503 Reparasti
987 2452 1181 2502 gaudium.

705 2507 796 2544 Ave
815 2508 1013 2557 virginum
1033 2506 1201 2551 lucerna,

706 2561 784 2598 Per
803 2574 920 2610 quam
940 2560 1051 2596 fulsit
1071 2560 1141 2595 lux
1161 2571 1329 2607 superna

760 2615 839 2651 His
859 2628 955 2664 quos
976 2614 1112 2650 umbra
1131 2612 1271 2649 tenuit.

705 2669 796 2705 Ave
815 2669 937 2718 virgo,
959 2668 1006 2704 de
1026 2681 1102 2716 qua
1121 2666 1229 2703 nasci

707 2723 762 2759 Et
781 2722 828 2759 de
849 2723 958 2771 cujus
975 2722 1077 2758 =lacte
1096 2720 1201 2770 pasci

762 2777 852 2813 Rex
872 2776 1053 2813 caelorum
1072 2774 1209 2811 voluit.

708 2830 809 2877 Ave,
831 2843 984 2878 gemma
1003 2829 1085 2866 caeli
1106 2826 1369 2871 luminarium,

710 2885 811 2931 Ave,
834 2883 967 2921 Sancti
987 2882 1157 2932 Spiritus
1177 2880 1395 2918 sacrarium.

930 2995 946 3011 *
968 2995 1037 3025 Ms.
1054 2994 1213 3034 D-juris.

1577 1569 1791 1618 Sequentia.
