1979 3348
664 245 968 302 Comparative
1001 244 1230 289 calendar.

788 537 1044 579 MARTII.

870 659 977 669 -ι

632 734 783 771 SARUM.
1082 735 1217 771 Yomx.

336 809 428 846 Kal.
487 809 522 846 S.
546 810 711 846 Davidis
805 837 814 847 .
923 838 934 848 .
1046 810 1084 847 S.
1107 810 1249 848 Albini
1321 837 1333 851 .

245 874 319 911 VI.
328 875 429 911 Non.
490 875 526 911 S.
550 874 688 911 Oeddae
806 903 815 911 .
927 904 935 911 .
1045 904 1054 912 .
1139 876 1192 912 τά.

268 939 429 977 V.Non.

243 1004 428 1041 IV.Non.

231 1069 423 1106 HLNon.

254 1133 421 1171 ILNon.
881 1146 883 1149 “

320 1199 423 1235 Non.
483 1199 547 1236 SS.
564 1199 768 1248 Perpetuae
781 1202 822 1236 et
834 1199 933 1236 Feli-

548 1264 688 1300 citatis.

176 1326 301 1364 VIII.
368 1328 426 1364 Id.

202 1391 305 1428 VII.
364 1392 424 1428 Id.

228 1456 303 1493 VI.
371 1457 430 1494 Id.

254 1521 304 1559 V.
365 1522 424 1559 Id.

226 1586 301 1623 IV.
366 1587 424 1624 Id.
484 1587 518 1624 S.
544 1587 721 1637 Gregorii
807 1617 816 1624 .
927 1617 935 1625 .
1048 1617 1055 1625 .
1139 1588 1192 1626 id.

218 1652 300 1689 III.
367 1653 426 1689 Id.

246 1717 301 1754 II.
368 1718 427 1754 Id.

370 1783 428 1818 Id.

172 1845 315 1883 XVII.
336 1847 426 1883 Kal.
442 1847 538 1896 Apr.

203 1911 323 1948 XVI.
341 1912 432 1948 Kal.
491 1913 527 1949 S.
551 1912 712 1949 Patricii

226 1976 321 2012 XV.
342 1977 432 2013 Kal.
492 1977 528 2014 S.
551 1977 737 2014 Edwardi

202 2041 323 2078 XIV.
341 2042 430 2078 Kal.

190 2106 318 2142 XIII.
339 2106 428 2144 Kal.
488 2107 524 2143 S.
548 2106 758 2143 cuthberti
799 2136 806 2143 .
918 2135 926 2143 .
1040 2136 1048 2144 .
1132 2107 1184 2145 id.

220 2171 322 2207 XII.
340 2171 431 2207 Kal.
491 2170 527 2207 S.
548 2171 752 2207 Benedicti
802 2199 810 2207 .
921 2200 929 2208 .
1042 2200 1050 2208 .
1135 2171 1188 2208 id.

243 2235 320 2271 XI.
341 2236 432 2272 Kal.

270 2300 322 2336 X.
341 2300 431 2337 Kal.

248 2365 324 2402 IX.
343 2365 433 2401 Kal.

197 2429 322 2466 VIII.
339 2430 429 2466 Kal.
487 2429 754 2466 Annuntiatio
768 2429 804 2466 S.
821 2429 957 2466 Mariae
1041 2457 1049 2465 .
1132 2429 1185 2467 id.

221 2495 322 2531 VII.
340 2495 432 2531 Kal.

248 2559 325 2597 VI.
343 2559 433 2596 Kal.

277 2624 328 2660 V.
345 2624 437 2661 Kal.

259 2689 331 2727 IV.
349 2689 442 2726 Kal.

256 2754 332 2790 [II.
349 2753 441 2790 Kal.

278 2817 335 2854 II.
352 2818 444 2854 Kal.

1654 249 1733 290 261

1434 734 1676 772 HEREFORD.

1442 811 1479 848 S.
1502 811 1666 847 Davidis

1435 905 1445 914 .
1515 876 1570 913 id.

1435 1071 1470 1108 S.
1495 1071 1663 1108 Pierani.

1430 1292 1441 1303 .
1512 1265 1566 1304 id.

1436 1617 1444 1625 .
1516 1589 1568 1627 id.

1510 2107 1562 2145 id.

1513 2173 1566 2209 id.

1427 2460 1436 2468 .
1510 2431 1563 2468 id.
