1979 3348
596 209 648 250 M
652 209 738 251 issa
767 209 819 251 cle
849 208 1043 251 Nomine
1072 207 1191 250 Jesu.

53 355 55 357 .
107 336 231 369 onem,
257 325 297 359 011
325 333 440 359 0111110
466 333 607 358 nomen
636 321 739 370 quod
767 320 994 358 nominatur
1023 333 1103 357 non
1132 319 1257 356 solum
1286 318 1329 354 in
1359 318 1430 355 hoc
1461 317 1599 354 saeculo
1630 316 1696 354 sed

107 377 226 414 etiam
245 375 289 412 in
307 374 452 422 futuro,
474 378 514 412 et
532 374 664 411 omnia
682 375 847 423 subjecit
866 374 937 411 sub
957 374 1121 423 pedibus
1140 374 1233 422 ejus.

114 430 153 468 V.
188 429 350 478 Adjuva
367 441 449 475 nos,
471 428 579 465 Deus
598 428 781 464 salutaris
809 432 963 465 noster:
993 432 1033 464 et
1055 431 1214 477 propber
1240 424 1405 475 gloriam
1433 424 1604 460 nominis
1624 423 1696 470 tui,

107 483 288 530 Domine,
318 481 442 519 libera
471 495 552 529 nOS‚
583 486 623 518 011
652 482 846 532 propitius
876 486 958 518 esto
988 481 1154 530 peccabis
1187 479 1330 516 nostris
1368 482 1526 528 propter
1557 490 1700 514 nomen

108 542 179 574 tuu
184 550 219 573 m
225 566 232 573 .

187 589 383 640 Alleluya.

448 588 488 627 V.
520 589 657 626 Dulcis
677 602 819 625 nomen
836 589 864 626 J
867 602 947 636 esu,

519 642 646 679 Blelos
665 643 763 688 auri,
786 643 861 679 mel
882 643 924 678 in
943 655 1023 689 esu,

520 696 598 732 Cor
616 696 737 732 vertit
755 697 797 732 in
811 696 995 745 jubilum,

521 750 575 786 Et
593 749 704 799 fugat}
723 750 862 786 mundi
881 749 1050 786 sibilum.

190 821 244 859 In
256 825 418 870 tempore
435 819 630 857 Paschali..

191 874 388 924 Alleluya.
427 873 466 912 V.
502 873 673 922 surgens
691 872 720 910 J
723 886 809 910 esus
829 873 1022 910 Dominus
1047 876 1180 909 noster
1198 871 1312 909 stetit
1330 871 1371 907 in
1391 870 1518 907 medio
1538 869 1705 917 discipu-

111 930 238 967 lorum
256 940 438 966 suorum:
467 930 507 964 et
525 927 641 974 dixit,
661 926 749 964 Pax
767 927 887 964 vobis.

193 997 408 1047 Sequentia.

508 1050 648 1089 Dulcis
667 1050 695 1088 J
698 1063 784 1088 esus
804 1050 1043 1096 Nazarenus,

563 1104 592 1141 J
594 1104 795 1141 udaeorum
813 1118 884 1141 rex
903 1117 1089 1151 amoenus,

566 1158 673 1205 Pius,
694 1158 865 1208 pulcher,
887 1159 1047 1195 floridus
1061 1171 1072 1205 3

512 1212 592 1250 Pro
611 1212 737 1250 salute
757 1225 834 1249 suae
854 1213 982 1262 gentis

567 1266 685 1303 Subit
703 1271 870 1303 mortem
889 1280 977 1303 cum
997 1266 1216 1313 tormentis,

567 1319 712 1357 Factus
731 1320 891 1370 pallens,
914 1320 1070 1357 lividus.

514 1374 642 1411 Dulce
661 1387 803 1410 nomen
823 1381 862 1410 et]
882 1387 1094 1424 cognomen
1109 1387 1120 1420 3

569 1427 661 1465 Hoc
679 1427 957 1464 transcendens
976 1433 1034 1464 esb
1053 1439 1277 1477 praenomen

572 1481 766 1518 Omnibus
786 1482 1012 1518 nominibus
1026 1495 1037 1528 3

518 1534 671 1572 Mulcet
689 1536 801 1582 feros,
823 1539 936 1572 sanat
955 1548 1052 1580 reos,

572 1589 699 1625 Fovet:
717 1589 850 1635 bonos,
871 1590 1001 1626 munit
1021 1602 1096 1636 eos,

574 1642 714 1679 Sei-vab
732 1643 782 1678 ab
801 1643 1023 1681 insultibus,

519 1696 654 1744 Hujus
673 1695 774 1745 regis
793 1697 865 1733 sub
884 1697 1040 1743 vexillo,

573 1750 691 1787 Statu
710 1750 816 1799 degis
836 1750 878 1786 in
899 1750 1124 1800 tranquillo,

574 1803 723 1841 Hostes
741 1805 802 1840 tui
822 1804 982 1853 fugiunb
996 1817 1006 1851 ;

520 1857 676 1895 Nomen
698 1858 782 1906 ejus
801 1858 1037 1895 meditatum

576 1911 680 1948 Belli
697 1911 808 1961 fugai:
826 1916 1069 1961 apparatum,

577 1965 723 2002 Hostes
743 1965 839 2002 victi
858 1966 1031 2015 rugiunh.

523 2023 614 2060 Hoc
634 2026 693 2059 est
711 2035 853 2059 nomen
872 2023 1132 2071 recolendum,

578 2076 682 2121 Quia
700 2089 850 2125 semper
868 2081 928 2113 0311
946 2077 1193 2114 tremendum

579 2129 768 2179 Malignis
788 2130 1000 2179 spiritibus.

526 2187 618 2224 Hoc
637 2191 696 2223 est
713 2200 858 2223 nomen
877 2187 1059 2233 salutare,

581 2240 636 2277 Et
654 2240 825 2277 solamen
845 2241 1043 2290 singulare

581 2293 696 2339 Quod
716 2295 910 2331 succurrit
930 2296 1122 2334 tristibus.

526 2352 618 2390 Hoc
636 2364 707 2389 nos
726 2352 837 2389 decet
856 2352 1057 2400 honorare,

580 2406 689 2444 Arca
707 2407 832 2443 cordis
851 2407 1034 2454 inserare,

583 2459 776 2509 Cogit-are,
799 2474 1012 2510 peramare,

583 2514 733 2550 Amore
752 2514 819 2551 sed
838 2514 1002 2553 heroico.

531 2571 714 2622 Ignatius
733 2571 804 2609 hoc
824 2572 967 2618 docuit,

586 2624 695 2662 Illud
713 2639 847 2675 passus
865 2626 1052 2673 insonuit,

588 2678 666 2715 Cor
685 2679 768 2727 ejus
787 2680 948 2716 scissum
967 2679 1098 2730 patuit

588 2731 831 2782 Inscriptum
850 2734 878 2771 J
880 2747 947 2770 esu
967 2734 1107 2771 caelico.

537 2790 599 2828 Ut
618 2790 713 2839 quid
732 2791 880 2840 majora
898 2792 1087 2840 cupimus,

591 2844 719 2889 Quam
739 2844 843 2893 quod
861 2845 979 2882 503113
997 2844 1049 2881 sib
1067 2844 1243 2893 intimuS‚

591 2897 672 2943 Qui
690 2901 748 2934 0311
766 2898 1149 2947 praeamantissimus,

591 2952 646 2989 Et
665 2952 806 3001 quaerit
824 2965 895 2989 nos
914 2966 1054 2991 amare.

1610 208 1692 252 217
