1979 3348
723 215 849 256 Festa
876 212 1086 269 Auyusti.
1636 213 1692 258 73

275 326 354 371 Qui
372 325 501 362 Patris
521 325 627 362 sedes
645 324 694 362 ad
712 325 925 371 dexteram,

273 379 421 416 Nostra
440 379 583 416 exaudi
601 379 826 429 angelorum

272 433 327 469 Et
345 432 578 469 famulorum
592 433 759 482 jungens
777 445 869 469 voce
887 430 1107 482 precamina
1120 443 1132 478 3

272 486 431 523 Horum
449 486 608 523 vocibus
626 489 672 522 ut
691 490 847 523 caterva

272 539 471 577 Glorificet
490 552 640 589 semper
658 543 697 576 te
717 543 756 576 et
774 543 906 576 nostra

272 593 519 643 Regnantem
532 594 621 642 jure
640 606 728 630 cum
747 592 890 629 sanctis
909 592 952 628 in
970 595 1172 629 aeternum.

190 662 458 711 Evanyelium.
516 662 643 699 Venit
670 662 698 700 J
701 675 787 699 esus
815 662 857 698 in
890 665 1021 710 partes
1047 661 1230 699 Caesareae
1255 659 1443 710 Philippi,
1469 659 1622 708 ‘require
1648 658 1693 696 in

113 715 309 755 Oatlaedra
327 716 418 766 ejus.

191 770 327 807 Credo.

191 830 444 879 Offirtorium.
502 830 725 869 Constitues
744 843 807 868 eos
824 830 1028 880 principes.

189 892 347 931 Secreta.

190 947 377 984 Oblatum
406 947 494 995 tibi,
515 947 695 996 Domine,
716 946 946 985 sacrificium
979 945 1152 982 vivificet
1181 957 1252 982 nos
1284 957 1435 994 semper
1464 947 1504 981 et
1526 943 1689 981 muniat.

114 1000 190 1038 Per

189 1053 283 1091 Alia
300 1053 450 1091 Secreta
468 1055 513 1092 (le
532 1055 584 1091 M
580 1055 785 1104 martyribus,

189 1107 350 1154 Votiva,
381 1108 561 1154 Domine,
590 1109 775 1159 mysteria
804 1111 1025 1144 sanctorum
1054 1110 1213 1143 tuorum
1237 1105 1439 1143 sollemnia
1456 1104 1693 1142 celebrantes

109 1161 249 1199 devota
267 1165 398 1199 mente
416 1166 639 1209 tractamus,
661 1163 802 1212 quibus
821 1162 932 1198 nobis
960 1164 1000 1198 et
1027 1161 1250 1210 praesidium
1271 1163 1416 1197 crescat
1435 1162 1474 1196 et
1493 1158 1689 1209 gaudium.

112 1215 198 1252 Per.

189 1268 387 1318 meatio.
446 1270 500 1306 Et
528 1273 579 1317 te,
602 1270 782 1317 Domine,
806 1268 1043 1318 suppliciter.

192 1330 429 1368 Comvmnio.
1156 1360 1160 1364 .

188 1385 249 1421 Tu
267 1397 306 1421 es
326 1385 477 1429 Petrus,
498 1389 537 1422 et
556 1398 671 1435 super
689 1385 789 1422 hane
808 1388 960 1434 petram
980 1384 1177 1421 aedificabo
1198 1382 1411 1420 Ecclesiam
1430 1394 1566 1419 meam.

189 1446 511 1483 Postcommmzio.

191 1499 371 1549 Corporis
407 1500 505 1536 sacri
543 1504 582 1536 et
618 1500 778 1550 pretiosi
815 1499 1014 1549 sanguinis
1051 1499 1191 1548 repleti
1227 1497 1424 1543 libamine,
1459 1509 1690 1546 quaesumus,

109 1553 277 1590 Domine
297 1553 404 1590 Deus
424 1557 565 1599 noster,
586 1558 631 1590 ut
651 1554 754 1603 quod
772 1554 836 1602 pia
864 1553 1068 1589 devotione
1096 1553 1276 1602 gerimus,
1298 1551 1561 1589 intercedente
1580 1551 1694 1587 beato

108 1606 227 1644 Petro
246 1607 419 1656 apostolo
438 1611 518 1654 tuo,
542 1611 646 1644 certa
666 1607 930 1657 redemptione
950 1607 1156 1655 capiamus.
1215 1606 1301 1644 Per.

187 1668 282 1705 Alia
300 1669 622 1707 Postcommunio.

187 1722 347 1768 Praesta,
383 1735 613 1771 quaesumus,
649 1723 893 1772 omnipotens
925 1723 1045 1765 Deus,
1065 1725 1111 1758 ut
1143 1734 1310 1771 quorum
1328 1720 1555 1757 memoriam
1575 1731 1694 1756 sacra-

107 1776 230 1812 menti
247 1776 547 1826 participatione
567 1777 782 1823 recolimus,
804 1777 919 1813 fidem
939 1789 1092 1825 quoque
1111 1775 1347 1825 proficiendo
1367 1778 1567 1812 sectemur.
1617 1773 1694 1809 Per

109 1829 335 1867 Dominum.

426 1950 571 1988 SANCTI
601 1951 818 1997 STEPHANI,
850 1962 970 1988 PAPAE.
1031 1951 1096 2001 (iv.
1120 1950 1224 1988 Non.
1246 1949 1371 2000 Aug.)

189 2043 373 2093 Officium.
431 2045 460 2082 J
462 2049 574 2082 ustus
594 2050 639 2082 ut
657 2046 795 2095 palma.

190 2098 334 2136 Oratio.

186 2152 305 2197 Deus,
327 2153 395 2201 qui
427 2166 497 2189 nos
529 2153 635 2190 beati
667 2153 855 2202 Stephani
885 2154 1068 2203 martyris
1101 2154 1161 2190 tui
1194 2157 1312 2202 atque
1344 2152 1541 2201 pontificis
1561 2164 1692 2188 annua

105 2205 365 2242 sollemnitate
394 2206 577 2254 laetificaS,
608 2207 771 2244 concede
798 2208 1000 2256 propitius,
1031 2212 1076 2244 ut
1108 2208 1219 2257 cujus
1246 2206 1427 2244 natalitia
1455 2206 1616 2243 colimus
1645 2205 1691 2242 de

105 2260 278 2308 ejusdem
297 2261 415 2296 etiam
434 2261 675 2309 protectione
693 2261 939 2309 gaudeamus,
999 2261 1085 2299 Per.

184 2325 371 2374 Epistola.
430 2326 569 2363 Omnis
588 2326 775 2375 pontifex.

187 2386 363 2424 Gradale.
421 2387 449 2424 J
453 2391 562 2424 ustus
581 2401 661 2423 non
680 2388 988 2424 conturbabitur.

185 2440 380 2489 Alleluya.
447 2441 483 2479 V.
515 2442 662 2478 Beatus
681 2442 744 2477 vir
762 2442 830 2490 qui
849 2442 974 2478 timet.

185 2501 453 2551 Evcm‘qelizcm.
512 2503 646 2540 Homo
666 2503 823 2552 quidam
844 2504 994 2541 nobilis.

188 2563 442 2611 Qffertorium.
500 2565 644 2602 Inveni
663 2565 803 2602 David.

186 2625 373 2663 ›Sem-eta.÷÷

185 2679 355 2716 Munera
369 2680 453 2727 tibi,
472 2681 650 2728 Domine,
670 2681 797 2718 dicata
809 2682 1015 2728 sanctifica,
1031 2685 1071 2718 et
1082 2681 1348 2719 intercedente
1362 2682 1475 2718 beato
1493 2680 1689 2730 Stephano

105 2737 276 2822 {gart-yffi
313 2737 381 2771 tuo
418 2739 536 2784 atque
573 2735 766 2784 pontifice,
795 2748 864 2785 per
900 2736 1033 2773 eadem
1068 2748 1138 2773 nos
1165 2735 1340 2785 placatus
1367 2735 1536 2772 inte.:de.
1614 2733 1690 2770 Per

150 2799 332 2824 Ommum.

184 2881 200 2896 ἦ
222 2882 290 2911 Ms.
314 2883 525 2913 D.—Hostias
552 2886 678 2913 nostras
704 2884 773 2921 tibi,
802 2894 994 2922 quaesumus,
1022 2885 1168 2922 Domine,
1195 2886 1306 2915 reddat
1332 2887 1476 2923 acceptas
1502 2884 1688 2913 intercessio

108 2920 208 2987 {meti
225 2922 377 2960 Stephani
387 2923 535 2961 martyris
549 2924 596 2952 tui
610 2927 703 2961 atque
718 2924 887 2961 pontificis,
902 2925 955 2962 qui
969 2934 1021 2954 cas
1035 2925 1130 2964 digne
1145 2925 1306 2955 offerendo
1320 2925 1378 2954 tibi
1392 2923 1590 2962 complacuit.
1627 2924 1688 2952 Per

141 2968 285 2989 ominum.
