1979 3348
271 231 353 271 124
847 230 973 272 Festa
1003 226 1271 270 Novembris.

348 339 584 379 Communia
642 340 788 377 Beatus
808 353 951 376 servus.

347 395 613 431 l’ostvommun
622 395 667 431 [o.

347 447 534 484 Purificet
553 461 703 497 semper
722 452 761 484 et
780 446 934 483 muniat
952 445 1014 482 tui
1032 459 1112 488 nos,
1135 445 1315 489 Domine,
1337 445 1528 494 susceptio
1543 445 1773 482 sacramenti
1786 458 1796 491 3
1816 449 1856 482 et

266 500 540 538 intercessione
572 501 805 538 sanctissimi
838 500 1064 537 confessoris
1102 500 1162 536 tui
1199 499 1401 545 Leonardi,
1435 500 1632 549 perpetuis
1668 512 1737 549 per
1771 512 1855 536 eam

266 567 483 592 mereamur
502 555 653 604 gaudiis
672 554 883 592 admisceri.
943 554 1029 590 Per.

316 691 462 727 siren
493 691 806 737 XVILLEBRORDI,
836 700 1013 726 Episcopi
1043 700 1091 726 ET
1119 699 1391 726 CONFEssoms.
1451 688 1533 737 (vii.
1556 688 1658 726 Non.
1682 688 1804 737 Nov.)

347 776 532 824 Officium.
592 776 751 813 Statuit.

348 831 492 868 Oratio.
550 831 623 876 Da,
647 843 878 879 quaesumus.

342 885 530 933 Jz'ln'sstola.
589 884 687 921 Ecce
707 884 892 920 sacerdos.

345 939 522 976 (iq-adala.
580 938 744 975 Juravit
764 938 967 974 Dominus.

343 992 540 1041 Alleluya.
607 992 644 1029 V.
676 992 703 1028 J
707 996 817 1028 ustus
836 991 1082 1040 germinabit.

343 1046 607 1094 Emoayelzfum.
666 1045 799 1082 Homo
820 1045 978 1093 quidam
997 1057 1165 1094 peregre.

346 1099 599 1147 Offertoriam.
658 1099 802 1135 Inveni
822 1099 962 1135 David.

343 1153 583 1190 Communia
642 1153 822 1199 Domine,
845 1153 1027 1202 quinque.

300 1289 544 1326 SANCTORUM
575 1288 800 1332 QUATTUOR
830 1288 1138 1326 CORONATORUM
1166 1287 1419 1325 MARTYRUM.
1480 1288 1546 1337 (vi.
1569 1288 1671 1325 Non.
1694 1289 1818 1338 Now)

342 1376 528 1425 Officium.
588 1376 722 1413 Intret
740 1376 783 1412 in
802 1380 1020 1425 conspectu.

343 1431 488 1468 Oratio.

338 1484 401 1521 Ρ1·
394 1489 498 1529 resti,
520 1497 752 1533 quaesumus,
775 1484 1020 1533 omnipotens
1040 1484 1159 1530 Deus,
1181 1487 1226 1520 ut
1245 1483 1358 1533 quie,
1338 1483 1520 1520 ‹rloriosos
1548 1497 1632 1520 mai
1634 1487 1738 1533 tyres
1765 1488 1853 1521 tuos

260 1538 480 1585 Claudium,
520 1539 800 1584 Nicostr,atum
842 1538 1181 1598 Symphorianum,
1219 1537 1419 1574 Castoiem
1456 1541 1572 1587 atque
1610 1537 1853 1587 Simplicium

257 1593 317 1630 for
319 1597 376 1629 tes
395 1593 436 1629 in
456 1606 526 1629 sua
545 1592 781 1629 confessione
801 1592 1064 1641 cognovimus,
1082 1592 1165 1641 pios
1184 1591 1287 1640 apud
1307 1596 1346 1628 te
1366 1591 1408 1628 in
1427 1596 1560 1628 nostra
1578 1591 1854 1629 intercessione

258 1647 482 1683 sentimus.
541 1646 628 1683 Per.

337 1700 524 1749 Epistola.
581 1699 914 1736 Rememoramini
933 1699 1118 1748 pristinos
1137 1699 1229 1736 dies.

340 1754 516 1791 Gradale.
575 1753 758 1799 Vindica,
782 1753 961 1790 Domine.

337 1808 535 1857 Alleluya.
601 1808 639 1845 V.
671 1807 867 1843 Mirabilis
888 1807 1095 1843 Dominus.

336 1862 603 1910 Eosmgyeliam.
663 1861 910 1897 Descendens
929 1861 957 1898 J
961 1874 1046 1897 esus
1066 1861 1113 1897 de
1133 1864 1278 1897 monte.

338 1916 591 1962 Qffkrtoriam.
650 1915 800 1951 Anima
819 1918 960 1951 nostra.

335 1970 494 2007 Secreta.

335 2022 563 2060 Benedictio
601 2026 681 2068 tua,
717 2022 899 2068 Domine,
933 2023 1040 2072 larga
1069 2021 1284 2068 descendat,
1318 2035 1404 2071 quae
1442 2026 1481 2058 et
1518 2035 1679 2058 munera
1716 2026 1849 2059 nostra

253 2077 552 2126 deprecantibus
585 2076 729 2113 sanctis
761 2077 841 2112 tuis
873 2077 947 2112 tibi
979 2076 1117 2113 reddat
1148 2080 1314 2125 accepta,
1345 2080 1383 2113 et
1420 2076 1532 2112 nobis
1564 2080 1848 2113 sacramentum

252 2131 530 2180 redemptionis
551 2130 703 2167 efficiat.
761 2130 837 2167 Per
856 2130 1083 2167 Dominum.

336 2184 572 2222 Communia
634 2184 866 2221 Posuerunt.

333 2238 654 2276 Postcomm'zmz’o.

334 2293 564 2329 Caelestibus
601 2292 736 2329 refecti
775 2292 1025 2329 sacramentis
1063 2296 1102 2328 et
1144 2291 1306 2341 gaudiis,
1348 2291 1540 2341 supplices
1577 2295 1629 2338 te,
1664 2290 1844 2337 Domine,

252 2346 512 2396 deprecamur,
533 2350 578 2383 ut
598 2359 764 2395 quorum
789 2346 1002 2396 gloriamur
1030 2346 1241 2395 triumphis
1269 2350 1519 2396 protegamur
1545 2345 1712 2382 auxiliis.
1771 2345 1849 2382 Per

254 2401 479 2440 Dominum.

529 2502 677 2539 SANCTI
707 2502 938 2547 THEODORI,
970 2512 1185 2539 MARTYRIS.
1246 2502 1296 2549 (v.
1320 2501 1424 2539 Non.
1446 2500 1566 2550 Nov.)

333 2587 519 2635 Officium.
579 2587 630 2623 In
649 2587 810 2624 virtute.

333 2641 478 2677 Oratio.

328 2694 447 2740 Deus,
487 2694 556 2742 qui
591 2707 662 2731 nos
699 2695 803 2731 beati
840 2694 1034 2731 Theodori
1071 2695 1255 2744 martyris
1292 2695 1363 2741 tui,
1402 2694 1639 2731 confessione
1675 2694 1842 2744 gloriosa

248 2749 463 2786 circumdas
483 2754 522 2784 et
542 2749 722 2797 protegis,
743 2752 885 2797 praesta
904 2748 1015 2785 nobis
1034 2749 1116 2798 ejus
1144 2749 1365 2786 imitatione
1392 2748 1575 2799 proficere
1603 2752 1642 2785 et
1670 2749 1844 2786 oratione

248 2803 390 2841 fulciri.
449 2802 536 2838 Per.

328 2855 515 2905 Epistola.
575 2855 720 2891 Beatus
739 2856 812 2901 vir,
835 2856 903 2905 qui
922 2856 964 2892 in
984 2855 1185 2905 sapientia.

329 2909 508 2947 Gradale.
568 2909 595 2946 J
599 2913 709 2945 ustus
728 2913 774 2945 ut
793 2909 932 2958 palma.

328 2963 524 3013 Alleluya.
591 2963 628 3000 V.
661 2963 880 3001 Laetabitur
893 2964 1034 3013 justus.
