1979 3348
263 227 344 266 208
784 220 1032 277 Sequentioe
1067 219 1338 263 Communes.

340 335 440 372 Item
460 335 541 372 alia
561 333 779 383 Sequentia.

726 387 906 424 Verbum
921 386 1068 421 bonum
1088 388 1127 421 et
1146 397 1264 421 suave

778 441 1037 476 Personemus
1056 439 1155 474 illud
1175 439 1275 484 Ave,

778 494 855 530 Per
874 493 978 542 quod
998 492 1147 529 Christi
1169 493 1213 528 fit
1232 492 1415 529 conclave

830 547 966 595 Virgo,
986 551 1123 592 mater,
1145 546 1226 582 filia
1240 559 1250 593 ς

723 601 801 638 Per
819 601 924 650 quod
944 601 1032 637 Ave
1052 600 1233 644 salutata,

776 655 876 691 Mox
897 654 1074 703 concepit
1092 654 1302 690 fecundata

775 709 912 758 Virg0‚
932 708 1063 745 David
1083 708 1204 756 stirpe
1225 711 1328 754 nata,

830 763 944 799 Inter
964 763 1094 811 spinas
1114 762 1207 798 lilia.

722 817 824 862 Ave,
845 817 930 853 veri
950 816 1166 852 Salomonis

776 871 919 917 Mater,
939 870 1065 906 vellus
1086 869 1291 915 Gedeonis,

776 924 898 973 Cujus
916 924 1021 973 magi
1040 924 1166 960 tribus
1185 923 1296 959 donis

830 978 1014 1015 Laudant
1032 977 1293 1026 puerperium.

721 1033 823 1079 Ave,
843 1032 965 1069 solem
983 1031 1166 1080 genuisti,

775 1087 866 1123 Ave
884 1086 1031 1135 prolem
1050 1084 1251 1134 protulisti
1264 1098 1274 1130 ;

776 1139 929 1176 Mundo
949 1139 1056 1188 lapso
1076 1138 1280 1175 contulisti

828 1193 970 1229 Vitam
986 1197 1025 1229 et
1044 1193 1265 1242 imperium.

723 1248 822 1292 Ave,
845 1251 971 1283 mater
985 1246 1111 1283 Verbi
1131 1245 1285 1291 summi,

775 1301 901 1338 Maris
921 1304 1068 1350 portus,
1091 1300 1247 1349 signum
1266 1299 1386 1346 dumi,

775 1355 1015 1391 Aromatum
1034 1354 1146 1403 virga
1161 1353 1273 1399 fumi,

828 1409 1075 1458 Angelorum
1095 1408 1278 1445 Domina.

722 1463 1009 1512 Supplicamus,
1031 1475 1102 1499 nos
1122 1461 1298 1506 emenda,

776 1517 1013 1554 Emendatos
1034 1529 1105 1552 nos
1125 1515 1354 1552 commenda

776 1570 861 1608 Tuo
881 1571 1002 1617 Nato,
1025 1570 1074 1606 ad
1094 1569 1272 1606 habenda

828 1624 1074 1674 Sempiterna
1088 1624 1240 1673 gaudia.
1299 1623 1442 1660 Amen.

338 1704 392 1741 In
424 1706 777 1743 commemoratione
810 1707 924 1744 beatae
954 1706 1006 1743 M
1003 1707 1098 1743 (trice
1131 1707 1178 1743 ab
1212 1705 1364 1743 Octavis
1391 1706 1629 1755 Epiphaniae
1657 1720 1774 1756 usqae
1807 1706 1861 1745 ad

256 1759 577 1807 Purfflcationem
607 1760 794 1797 dicantur
825 1761 907 1797 ἰ’-πω
936 1761 1024 1797 duce
1053 1760 1268 1808 Sequentia&
1300 1760 1536 1804 alternatim,
1567 1761 1705 1799 scilicet
1736 1761 1859 1799 Laeta-

257 1813 423 1859 bandus,
442 1819 475 1850 et
494 1813 569 1849 ista
583 1827 594 1849 .·

362 1867 459 1904 Post
479 1871 637 1916 partum
657 1867 779 1917 virgo,
804 1868 943 1913 Maria,

363 1920 439 1957 Dei
458 1921 650 1970 genetrix,
667 1921 834 1958 fecunda
852 1921 980 1971 gratia
1000 1921 1190 1958 Tonantis
1210 1921 1336 1970 plena,

361 1974 463 2020 Ave,
486 1979 680 2012 terrarum
701 1975 871 2022 domina,
894 1976 997 2012 alma
1012 1976 1193 2012 eaelorum
1213 1975 1357 2024 regina.

363 2028 455 2065 Tibi
474 2028 620 2065 aethera
639 2029 842 2079 omnisque
863 2033 1087 2066 sanctorum
1108 2033 1239 2065 turma
1258 2029 1461 2078 depromat
1481 2030 1721 2079 symphonia.

362 2082 505 2129 Tellus,
529 2083 691 2120 flumina
710 2088 828 2133 atque
849 2084 1046 2132 sylvarum
1067 2096 1227 2120 nemora
1245 2083 1439 2120 resultent
1456 2096 1550 2120 voce
1569 2097 1648 2121 sua.

363 2136 489 2183 Salve,
511 2150 651 2186 parens
670 2137 832 2187 inclyta,
852 2137 947 2174 felix
966 2150 1165 2186 puerpera.

363 2190 440 2227 Per
458 2195 498 2227 te
517 2191 588 2228 lux
608 2195 648 2228 et
665 2191 814 2228 veritas
833 2191 980 2228 mundo
999 2195 1058 2228 est
1077 2191 1192 2228 edita.

363 2244 424 2281 Tu
443 2245 470 2282 J
474 2258 582 2282 esum
597 2246 743 2295 papilla
761 2246 916 2283 lactasti
935 2259 1053 2291 saera,
1074 2249 1212 2281 extans
1231 2239 1340 2293 virgo
1360 2245 1450 2292 feta,
1472 2251 1598 2282 mater
1615 2246 1774 2283 intacta.

362 2298 483 2335 Unde
520 2300 664 2335 nostris
697 2313 768 2348 eya
805 2300 892 2336 fave
931 2300 1043 2346 votis,
1076 2299 1245 2346 domina,
1277 2299 1478 2336 Christum
1506 2300 1759 2350 interpellans
1787 2313 1857 2349 pro

417 2352 542 2389 salute
561 2353 744 2390 humana.

362 2406 441 2445 Per
459 2411 510 2453 te,
531 2411 668 2452 mater,
686 2407 833 2444 aboleri
852 2407 1022 2444 filiorum
1042 2407 1266 2457 flagitamus
1285 2407 1463 2454 crimina,

362 2460 524 2510 Nosque
544 2474 677 2498 omnes
705 2461 902 2498 introduci
921 2461 1159 2511 sempiterna
1180 2461 1361 2500 Paradisi
1379 2462 1532 2511 gaudia,

363 2515 450 2559 Quo
470 2515 651 2564 perennis
670 2516 763 2552 vitae
782 2516 1030 2565 perfruamur
1048 2516 1181 2565 gloria.

335 2592 434 2629 Item
453 2591 536 2628 alico
554 2591 772 2640 Sequentia.

523 2646 643 2682 Alma
663 2646 739 2683 Dei
757 2647 937 2696 genetrix
957 2646 1094 2683 aeterni
1112 2646 1273 2683 luminis
1292 2646 1382 2683 aula
1398 2659 1408 2692 ;

524 2700 679 2748 Stipitis
700 2701 892 2737 Davitieae
912 2701 1061 2737 soboles
1081 2713 1200 2747 sacra,
1221 2700 1357 2737 florida
1373 2699 1483 2749 virga
1498 2713 1506 2745 5

522 2753 637 2790 Felix
656 2759 769 2803 porta
788 2754 875 2800 Dei,
897 2755 1033 2804 patriae
1052 2755 1245 2804 reparatio
1265 2758 1399 2791 sancta
1416 2767 1425 2799 ;

522 2807 655 2856 Digna
673 2808 759 2853 coli,
780 2809 916 2858 regina
934 2809 1025 2858 poli,
1047 2809 1245 2845 miseratio
1264 2807 1401 2844 mundi
1416 2820 1425 2852 ;

520 2861 647 2910 Virgo
665 2875 804 2910 parens
823 2876 1050 2912 semperque
1070 2875 1229 2899 manens
1248 2862 1396 2898 intacta
1415 2861 1527 2898 beata
1547 2875 1554 2898 2

521 2914 612 2951 Sola
631 2916 810 2953 columba
829 2916 916 2963 Dei,
934 2917 1168 2953 venerabilis
1186 2920 1227 2952 et
1245 2914 1461 2952 verecunda
1477 2928 1487 2961 ;

521 2968 612 3006 Sola
627 2969 754 3007 dicata
774 2970 858 3007 Deo
878 2984 946 3020 per
965 2971 1104 3008 saecula
1123 2968 1425 3007 concelebranda
1441 2982 1452 3016 3
