1979 3348
639 244 765 285 Festa
795 242 1063 285 Novembris.

451 355 617 391 Omnem
637 357 784 403 spectat
803 354 852 390 ad
871 357 1025 390 aetatem

450 408 683 444 Katharinae
703 408 934 457 dignitatem

505 461 713 498 Cumulare
732 461 922 497 laudibus.

450 515 548 551 Haec
569 520 627 551 est
645 515 712 551 illa
733 514 841 551 Costi
858 519 961 561 nata,

450 568 573 617 Cujus
592 573 681 605 ortu
700 568 879 604 decorata

505 622 705 658 Gloriatur
725 621 883 658 Graecia.

452 675 550 712 Haec
571 680 629 712 est
649 688 733 724 quae
753 688 884 710 mnam
904 674 978 710 sibi
997 674 1127 711 datam

452 729 608 765 Christo
628 728 762 765 reddet
781 728 1025 777 decuplatam

503 783 591 819 Oris
611 781 842 831 eloquentia.

448 836 596 872 Scholis
614 848 764 881 vacans,
786 840 888 871 artes
906 835 1047 881 dicens,

445 889 604 926 Altiora
623 888 905 937 concupiscens,

502 943 642 979 Studet
662 943 872 990 evangelio:

447 996 538 1033 Duo
557 997 687 1045 legens
705 1000 948 1042 testamenta,

446 1050 553 1086 Vitae
573 1051 679 1086 videt
698 1050 895 1095 alimenta,

502 1104 703 1140 Christum
722 1104 765 1139 in
784 1103 980 1152 praesepio.

448 1157 545 1194 Cibo
565 1158 668 1194 dulci
688 1157 886 1193 refovetur
900 1171 910 1203 3

448 1212 534 1255 Quo
554 1212 640 1260 plus
658 1215 801 1259 gustat,
822 1211 909 1260 plus
928 1214 1094 1260 augetur

502 1266 688 1302 Sanctum
708 1265 950 1301 desiderium.

447 1318 544 1355 Cibo
564 1319 828 1355 conformatur
846 1319 911 1354 isti
926 1332 936 1365 ,-

448 1373 496 1409 Se
516 1374 708 1421 configens
728 1373 831 1408 cruci
852 1372 999 1409 Christi

502 1426 635 1462 Currit
655 1426 703 1462 ad
722 1426 965 1474 martyrium.

447 1480 536 1516 Rex
555 1480 645 1516 hinc
663 1484 795 1524 terret,
817 1480 906 1515 hinc
927 1479 1126 1516 blanditur
1143 1494 1152 1526 ;

447 1533 545 1569 Haec
566 1547 643 1569 non
659 1534 784 1578 timet,
805 1546 875 1569 nec
894 1533 1051 1579 lenitur,

499 1586 586 1623 Prae
605 1587 748 1622 mentis
768 1587 995 1623 constantia.

446 1640 555 1677 Hinc
574 1645 739 1676 terrores
759 1644 804 1676 ut
823 1640 976 1686 favillae,

445 1694 554 1730 Hinc
573 1707 643 1739 res,
666 1694 777 1740 servi,
799 1693 861 1730 vel
880 1694 1029 1730 ancill-<e

500 1748 749 1796 Spernuntur
767 1751 812 1783 ut
831 1747 934 1784 vilia.

446 1801 646 1850 Sapientes
666 1806 911 1849 superantur,

444 1855 621 1891 Credunt
641 1854 808 1899 Christo,
830 1855 997 1891 flammis
1017 1855 1183 1901 dantum

499 1909 574 1945 Sed
593 1922 664 1945 nec
682 1909 784 1958 perit
804 1909 966 1945 fimbria.

445 1962 677 1999 Carceratur
695 1963 805 2011 virgo
826 1975 920 1999 exesa
935 1976 944 2009 3

444 2016 656 2061 Visitatur,
677 2017 723 2053 fit
742 2017 863 2053 illaesa

499 2070 691 2119 Superum
710 2070 925 2119 praesentia.

445 2123 572 2168 Quam
592 2124 725 2173 regina
744 2124 837 2160 dum
857 2124 1016 2170 solatur,

443 2177 510 2213 Ad
530 2182 724 2214 certamen
743 2177 946 2223 invitatur,

443 2230 567 2267 Favet
587 2244 717 2276 ovans,
739 2235 958 2277 coronatur,

497 2285 632 2321 Certat
650 2285 712 2321 die
731 2285 858 2322 tertia.

442 2339 482 2374 A
503 2338 682 2375 columba
699 2339 792 2375 dum
812 2339 964 2375 cibatur

443 2391 579 2441 Virgo,
601 2396 687 2428 rota
705 2392 919 2429 fabricatur
933 2406 944 2439 3

444 2446 553 2492 Orat,
574 2459 699 2482 nexus
719 2446 939 2495 dissipatur,

497 2499 695 2536 Sternitur
713 2500 821 2549 plebs
840 2500 969 2549 impia.
1006 2524 1010 2528 ·

443 2553 518 2590 Tot
536 2554 782 2602 triumphans
801 2554 843 2590 in
861 2555 1078 2602 tormentis,

442 2608 509 2643 Ad
529 2620 696 2656 superna
715 2621 803 2644 cum
822 2608 999 2645 ducentis

496 2661 710 2697 Praemittit
730 2661 1001 2710 Porphyrium.

438 2715 655 2763 Impetrato
675 2715 859 2764 quicquid
879 2719 976 2761 orat,

439 2768 549 2804 Ferit
568 2769 681 2805 lictor
694 2782 704 2815 3
733 2768 790 2805 lac
809 2768 953 2806 irrorat

494 2821 685 2858 Ferientis
705 2822 889 2871 gladium.

440 2875 589 2924 Corpus
609 2876 756 2912 caelitus
775 2876 973 2913 sublatum

442 2929 514 2965 Est
533 2930 574 2965 111
596 2929 689 2966 Sina
707 2929 945 2966 tumulatum
959 2944 970 2978 3

495 2983 646 3020 Tumba
665 2987 798 3021 manat
817 2983 954 3022 oleum.

1555 248 1632 287 131
