1979 3348
807 209 960 252 Prosoe.
1598 209 1679 249 :313

98 325 184 370 Quo
198 324 280 373 jam
300 323 429 360 intra*
448 322 594 372 palatia
613 324 760 359 stantes
779 333 960 370 suprema
983 319 1063 356 laeti
1082 317 1334 368 gratulemur,
1356 317 1489 366 adepti
1507 316 1682 366 polorum

201 390 319 426 regna
336 390 346 423 ;
386 377 508 426 quia†
551 380 630 423 tua,
662 374 823 419 Praesul,
857 374 1037 410 sistentes
1071 372 1143 409 hac
1175 372 1265 409 aula
1291 371 1505 421 jubilamus
1535 371 1684 419 ingenti

201 444 290 468 cum
309 431 458 476 laetitia,

96 484 330 522 Recinentes
350 484 478 521 dulcia
496 497 600 520 nunc
620 482 796 530 celsaque
815 480 1008 530 Alleluya.

776 603 999 641 LXXVII.

521 684 586 720 DE
614 694 764 721 SANCTo
803 683 940 719 Pmno
969 692 1024 718 AD
1052 680 1258 718 VINCULA.

203 759 511 795 SOLLEMNITATE
531 768 728 794 nummus
747 754 961 806 apostolica
979 755 1050 791 lux
1069 754 1177 791 adest
1195 753 1374 804 gloriosa,

203 812 290 857 Qua
309 811 444 848 recolit
462 811 561 847 festa
580 811 691 847 Petri
711 810 892 855 Ecclesia,

205 865 331 915 Supra
351 865 465 901 fidem
484 864 605 913 ipsius
623 864 820 901 aedificata.

202 918 458 955 Providentia
476 918 613 967 utique
632 918 766 954 divina
785 915 1096 965 contemptibilia

202 972 475 1021 Ignobiliaque
494 971 631 1007 mundi
650 971 756 1021 legit,
777 975 823 1007 ut
842 970 1019 1020 perderet
1036 969 1161 1006 fortia.

202 1026 322 1063 Unde
343 1026 506 1062 Petrum
524 1025 679 1061 vocavit
698 1029 836 1061 natum
856 1023 1069 1060 Bethsaida

201 1079 230 1115 J
232 1092 330 1125 esus,
351 1079 444 1115 dum
464 1078 539 1114 iret
551 1079 670 1127 juxta
691 1078 861 1115 Galilaeae
881 1077 1026 1115 littora.

204 1133 331 1177 Quam
351 1136 506 1181 accepta
526 1145 720 1181 quamque
738 1132 906 1181 gloriosa
924 1131 1033 1167 fuere
1052 1130 1134 1166 haec
1153 1129 1389 1166 commercia.

202 1186 236 1222 P
265 1203 284 1223 κ
370 1186 530 1222 dimissa
548 1186 730 1222 navicula
748 1186 866 1222 datur
885 1185 921 1221 ei
939 1184 1107 1234 regenda
1128 1183 1301 1220 Ecclesia
1318 1196 1326 1229 3

204 1240 359 1288 Quique
386 1239 509 1289 pisces
538 1240 719 1276 trahebat
747 1240 794 1276 de
814 1239 932 1275 maris
959 1251 1070 1288 aqua,
1092 1238 1175 1286 ipse
1205 1238 1252 1274 de
1281 1236 1420 1273 mundi
1450 1239 1599 1272 tractus
1629 1239 1687 1271 est

310 1293 415 1329 unda
431 1307 440 1339 ;

204 1347 341 1396 thue
360 1347 456 1383 alios
474 1346 606 1383 trahat
628 1360 769 1396 magna
787 1346 863 1383 sibi
881 1359 904 1382 a
925 1345 1082 1383 Christo
1101 1344 1219 1381 datur
1236 1344 1364 1381 virtus
1383 1348 1422 1380 et
1441 1343 1579 1393 gratia.

203 1400 309 1437 Nam
329 1405 368 1437 et
387 1401 434 1446 ei,
455 1413 557 1437 oenae
577 1401 675 1437 mira
697 1400 853 1449 quando
872 1399 1118 1436 celebrantur
1136 1398 1351 1445 sollemnia,

204 1454 284 1490 Pro
303 1467 433 1490 amore
453 1467 530 1503 quo
547 1455 724 1490 fervebat
742 1454 962 1490 animarum
978 1453 1190 1489 traduntur
1208 1452 1337 1488 ovilia.

204 1508 294 1557 Ipse
313 1508 493 1545 claudum
513 1508 581 1556 qui
603 1509 758 1557 jacebat
777 1508 826 1544 ad
853 1511 1007 1557 portam
1036 1506 1173 1555 templi
1201 1506 1336 1542 divina
1355 1506 1504 1542 virtute
1531 1504 1689 1541 functus

309 1561 436 1598 elevat
452 1576 458 1598 :

204 1615 307 1659 Quia
325 1615 607 1651 claudicantem
626 1615 735 1664 prius
753 1615 780 1651 J
784 1614 934 1651 udaeam
954 1627 1055 1650 nova
1074 1613 1164 1650 fidei
1182 1614 1309 1650 virtus
1328 1613 1505 1650 levatura
1524 1616 1618 1657 erat,

203 1669 332 1716 Ipsius
351 1669 499 1705 virtute
518 1669 695 1705 miranda
714 1669 850 1705 alitrix
870 1681 1080 1717 egenorum
1099 1671 1232 1704 sancta

204 1722 300 1766 Quae
320 1723 403 1758 vita
421 1723 547 1758 caruit
566 1723 781 1759 resurrexit
800 1722 978 1758 Tabitha.

202 1776 366 1812 Visione
386 1776 460 1812 sibi
478 1780 632 1812 ostensa
652 1776 870 1812 centurioni
891 1775 1059 1824 gloriosa

203 1829 315 1866 Fidei
333 1829 511 1866 minister
528 1829 752 1878 propinavit
770 1829 916 1878 pocula.

203 1882 337 1932 Hujus
355 1883 528 1919 oratione
546 1883 685 1920 devota

203 1936 346 1973 Sancta
366 1940 591 1985 protegatur
610 1937 794 1983 Ecclesia,

204 1990 430 2027 Laudatura
448 1990 578 2027 Deum
597 2004 686 2027 cum
700 1990 844 2027 sanctis
863 1990 906 2026 in
925 1994 1128 2027 aeternum.

781 2112 982 2149 LXVIII.

699 2187 830 2223 quA
858 2198 1050 2224 SECUNDA.
1069 2187 1090 2236 ‡

96 2261 184 2306 EIA,
207 2271 325 2306 MUSA,
347 2271 415 2297 DIC
433 2273 563 2309 quaeso
582 2260 764 2309 praeclara
782 2261 932 2307 chorea,

95 2314 386 2363 Blandificaque
405 2314 530 2351 libens
548 2318 745 2363 perstrepe
765 2327 918 2363 organa.

95 2367 170 2405 Ast
191 2368 393 2404 modulans
412 2368 510 2404 tibia
531 2368 693 2404 resultet
711 2368 859 2417 plectro
879 2368 1040 2404 laudum
1060 2368 1150 2404 laeta
1168 2367 1352 2414 carmina,

97 2421 320 2470 Nostraque
340 2426 496 2458 caterva
514 2421 631 2470 hujus
649 2421 727 2458 diei
746 2421 939 2470 euprepia.

95 2474 283 2512 Paracliti
302 2475 492 2511 charisma
510 2475 581 2511 hac
600 2475 662 2512 die
682 2474 885 2524 §alumnos
905 2475 1053 2512 Christi
1073 2474 1210 2524 plene§
1236 2475 1359 2511 intrat
1375 2488 1383 2519 ;

97 2528 216 2565 Facto
235 2534 394 2577 repente
413 2542 518 2574 sono,
539 2528 683 2576 linguis
704 2528 852 2565 Christi
870 2529 1007 2565 fantur
1025 2529 1229 2578 magnalia.

96 2581 251 2619 Vesano
273 2582 385 2631 plena
403 2587 510 2619 metu
531 2582 691 2631 perfidia
709 2587 838 2619 musto
857 2582 1036 2620 alumnos
1056 2582 1210 2619 madere
1228 2585 1354 2632 putat,
1372 2581 1543 2631 Spiritus
1561 2582 1687 2631 gratia

202 2636 381 2672 ardentes
401 2649 496 2685 quos
515 2636 644 2672 reddit
661 2636 820 2673 fervida.

94 2689 299 2726 Anastasis
330 2695 487 2739 peracta
517 2689 793 2739 quinquagena
823 2690 1012 2738 mysticus
1044 2690 1244 2739 penetratu
1281 2689 1451 2738 Spiritus
1484 2694 1685 2738 pectorum

203 2743 353 2789 intima,
376 2743 517 2792 oppido
537 2743 700 2780 reddens
719 2744 972 2780 flammantia.

99 2796 197 2833 Mox
210 2797 351 2847 egressi
363 2810 497 2833 omnes
512 2797 625 2833 domo
644 2801 747 2833 tetra
761 2802 970 2847 peragrant
986 2810 1091 2843 arva,
1107 2797 1371 2834 diffundentes
1384 2797 1511 2834 Verbi
1525 2798 1685 2844 semina,

446 2882 463 2898 ἃ
478 2881 607 2910 MS.—“
619 2881 689 2914 Quo
704 2890 777 2910 nam
791 2881 940 2910 intrcnt.'‘
1027 2882 1044 2920 Ἰ·
1066 2881 1238 2910 Sarum—“
1251 2882 1336 2919 qui.”

389 2921 405 2959 ‡
429 2920 467 2949 In
487 2921 539 2949 the
559 2920 673 2949 Sarum
692 2920 802 2948 Missal
816 2920 940 2950 “Feria
959 2921 1051 2950 tertia
1070 2923 1143 2959 post
1157 2921 1394 2950 Pentecosten.”

293 2959 310 2998 ξ
329 2959 458 2988 Μ8.-“
468 2960 632 2989 alumnum
647 2959 767 2988 Christi
780 2960 897 2997 paene.”
1152 2961 1163 2999 Η
1186 2960 1485 2998 MS.-penet1·aret.
