1979 3348
658 175 906 232 Sequentioe
938 180 1211 226 Communes.

675 286 835 325 Fortem
855 291 1037 339 expediat

727 341 804 378 Pro
825 344 936 380 nobis
955 346 1155 393 nuntium,

727 395 894 433 Naturae.
914 398 1032 435 faciat

727 448 788 485 Ut
809 451 1080 499 praejudicium

778 503 828 539 In
848 509 965 553 partu
985 507 1161 556 virginis,

669 554 868 593 Naturam
889 565 1045 607 superet

722 610 853 646 Natus
874 611 961 648 Rex
981 613 1138 662 gloriae3

721 663 875 712 Regnet
894 670 933 701 et
952 666 1129 716 imperet,

719 716 774 752 Et
792 731 902 765 zyma
921 722 1053 757 scoriae

773 770 903 807 Tollat
922 773 969 809 de
988 774 1125 813 medio.

664 821 986 872 Superbientium

717 877 835 914 Tei-at
854 880 1021 929 fastigia,

717 930 828 967 Colla
847 933 1076 972 sublimium

717 984 849 1022 Calcet
869 988 908 1022 vi
928 990 1085 1037 propria

768 1038 914 1076 Potens
935 1042 977 1077 in
995 1043 1140 1092 praelio.

660 1090 784 1128 Foras
804 1094 935 1142 ejiciat

714 1145 966 1185 Mundanum
995 1151 1225 1201 principem,

715 1199 931 1251 Secumque
950 1203 1072 1241 faciat

713 1253 885 1292 Mat-rem
907 1259 1138 1307 participem

765 1307 897 1346 Patris
918 1311 1082 1360 imperii.

655 1359 736 1396 Exi
755 1363 823 1410 qui
842 1364 1023 1413 mitteris,

710 1414 809 1452 Haee
828 1417 927 1454 dona
953 1419 1095 1457 dissere
1111 1434 1122 1467 3

708 1468 858 1507 Revela
877 1473 1020 1510 veteris

706 1522 900 1561 Velamen
919 1526 1041 1564 literae

760 1577 923 1615 Virtute
943 1582 1086 1618 nuntii.

651 1629 818 1676 Accede,
840 1634 992 1678 nuntia,

706 1683 794 1731 Dic,
813 1687 915 1732 Ave,
937 1688 1113 1725 cominus
1132 1704 1141 1737 3

706 1737 794 1784 Dic,
817 1738 940 1776 Plena
957 1743 1086 1790 gratia
1104 1757 1113 1790 3

703 1791 790 1837 Die,
813 1792 958 1830 Tecum
979 1796 1172 1835 Dominus
1188 1812 1197 1845 3

758 1845 812 1882 Et
831 1846 903 1893 dic,
928 1849 990 1886 Ne
1011 1850 1160 1889 timeas.

647 1897 776 1947 Virgo
795 1902 982 1951 suscipias

701 1952 779 1989 Dei
800 1954 1032 2004 depositum,

701 2006 753 2043 In
773 2020 849 2056 quo
869 2011 1046 2058 perficias

701 2060 818 2097 Casta
837 2066 1092 2113 propositum,

754 2114 807 2150 Et
827 2121 964 2154 votum
983 2123 1125 2157 teneas.

643 2165 775 2204 Audit
794 2174 833 2205 et
852 2172 1014 2220 suscipit

697 2220 836 2259 Puella
850 2226 1046 2273 nuntium,

697 2274 833 2313 Credit
852 2283 891 2314 et
910 2281 1080 2330 concipit

695 2328 750 2365 Et
769 2331 872 2378 parit
893 2332 1053 2381 Filium,

750 2383 825 2421 Sed
843 2385 1112 2426 admirabilem

637 2434 919 2476 Consiliarium

692 2490 876 2529 Humani
894 2497 1063 2544 generis,

691 2543 747 2580 Et.
767 2545 896 2583 Deum
916 2549 1089 2597 fortium,

692 2597 747 2634 Et
766 2604 918 2648 patrem
938 2606 1115 2652 posteris,

744 2652 797 2689 In
815 2667 907 2703 pace
927 2658 1116 2697 stabilem.

637 2704 719 2749 Qui
738 2707 851 2744 nobis
872 2710 1024 2748 tribuat

689 2758 849 2797 Peccati
869 2764 1024 2801 veniam
1038 2779 1050 2813 3

690 2812 841 2852 Beatus
861 2816 998 2865 diluat,

689 2866 745 2904 Et
763 2868 882 2906 donet
901 2872 1069 2920 patriam

742 2920 795 2959 In
813 2936 899 2961 arce
918 2925 1098 2967 siderum.

1657 194 1740 239 207
