1979 3348
268 251 349 291 156
610 249 673 290 In
692 248 814 290 Festo
834 247 979 289 unius
1006 246 1214 302 Vbi-finis
1234 252 1272 290 et
1292 247 1523 303 Martyris.

267 364 326 397 est
356 373 519 409 regnum
550 359 732 396 caelorum
762 359 892 395 decem
921 357 1140 407 virginibus
1168 371 1287 407 usque
1314 359 1367 395 ad
1396 359 1573 408 Vigilate
1606 359 1750 408 itaque,
1770 359 1862 408 quia

265 414 424 451 nescitis
443 414 546 450 diem
566 427 694 462 neque
713 413 859 449 horam.

345 479 568 516 Secundum
588 478 819 514 ilsccttlea’ams
838 476 944 527 (cciii.
969 476 1127 527 44—52).

347 533 397 569 111
418 533 485 569 1110
505 537 691 581 tempore,
714 531 832 567 Dixit
855 531 883 567 J
886 544 971 567 esus
991 530 1189 579 discipulis
1219 531 1299 567 suis
1323 530 1544 580 parabolam
1571 531 1671 567 hanc
1688 544 1698 577 ;
1728 530 1862 567 Simile

266 591 324 623 est
344 600 508 636 regnum
528 586 709 623 carlorum
728 585 911 621 thesauro
930 585 1156 622 abscondito
1174 585 1218 621 in
1235 598 1327 634 agro
1347 598 1465 633 usque
1483 585 1537 622 ad
1563 585 1630 634 qui
1648 584 1798 634 profert
1817 585 1864 621 de

266 641 449 677 thesauro
470 653 538 676 suo
559 653 661 676 nova
680 644 719 676 et
740 643 882 675 vetera.

351 702 606 749 Qffcrtorium.
1036 743 1038 746 v

349 756 504 792 Diffusa
539 759 597 792 est
629 754 756 803 gratia
786 754 828 790 111
859 754 972 791 labiis
1004 754 1083 791 tuis
1100 768 1107 791 :
1144 758 1348 803 propterea
1376 753 1581 790 benedixit
1612 757 1653 790 te
1683 754 1791 790 Deus
1823 753 1864 789 in

267 815 470 855 :etei-num,
492 814 532 846 et
551 809 593 845 in
614 809 800 845 saeculum
819 808 960 845 saeculi.

348 875 486 923 Allajus
508 875 764 923 Qllcrtorz‘um.

351 930 578 966 Offerentur
597 929 679 977 regi
704 929 900 977 virgines:
930 928 1118 977 proximae
1146 928 1229 976 ejus
1257 927 1471 964 offerentur
1489 927 1564 963 tibi
1591 926 1633 963 in
1659 926 1798 963 laetitia
1826 930 1865 963 et

267 984 531 1020 exsultatione
548 997 555 1020 :
584 983 828 1019 adducentur
847 983 889 1018 in
908 982 1101 1031 templum
1120 982 1202 1031 regi
1221 981 1404 1018 Domino.

348 1049 489 1085 illimes
511 1048 765 1096 Qffertorimn.

349 1104 574 1140 Offerentur
593 1102 674 1151 regi
693 1101 866 1151 virgines
885 1106 972 1150 post
991 1115 1075 1138 eam
1091 1115 1098 1138 :
1128 1100 1315 1151 proximae
1334 1102 1419 1150 ejus
1438 1100 1650 1137 offerentur
1669 1099 1753 1137 tibi.

349 1164 377 1201 I
377 1179 402 1201 η,
423 1171 585 1213 tempore
605 1163 799 1210 Pasclmli„
820 1163 1017 1212 Alleluya.

353 1226 607 1273 Qfferlorz‘umi

349 1280 461 1316 Filiae
482 1293 618 1328 regum
638 1279 679 1314 in
699 1278 845 1314 honore
865 1282 934 1314 tuo
952 1293 959 1315 :
989 1278 1118 1314 astitit
1138 1278 1273 1327 regina
1296 1291 1319 1314 a
1347 1277 1518 1314 dexteris
1546 1277 1626 1313 tuis
1654 1276 1699 1313 in
1716 1276 1864 1313 vestitu

269 1335 467 1380 deaurato,
485 1333 723 1370 circumdata
742 1332 943 1368 varietate.

350 1394 508 1432 Secreta.

351 1449 516 1486 Hostias
549 1449 635 1495 tibi,
669 1448 851 1493 Domine,
881 1449 1003 1484 beatae
1034 1448 1086 1484 N.
1121 1447 1286 1495 virginis
1317 1447 1577 1496 martyrisque
1609 1450 1688 1482 tuae
1718 1446 1865 1482 dicatas

269 1504 421 1540 meritis
441 1503 633 1552 benignus
653 1515 804 1539 assume
824 1516 831 1538 :
860 1506 899 1538 ct
922 1502 972 1538 ad
996 1506 1227 1552 perpetuum
1254 1501 1367 1538 nobis
1393 1501 1523 1538 tribue
1551 1501 1754 1550 pervenire
1780 1501 1865 1536 sub-

268 1558 422 1594 sidium.
483 1558 560 1593 Per
579 1557 805 1593 Dominum.

351 1619 592 1656 Commum'o.

349 1673 505 1709 Diffusa
538 1677 597 1709 est
626 1672 753 1722 gratia
785 1672 827 1707 111
860 1671 974 1708 labiis
1006 1671 1112 1708 tuis:
1150 1675 1355 1720 propterea
1385 1670 1588 1707 benedixit
1616 1673 1656 1706 te
1687 1669 1794 1705 Deus
1822 1669 1864 1705 in

269 1730 471 1764 aeternum.

347 1780 402 1817 In
422 1787 582 1829 tempore
601 1779 794 1825 Paschali,
817 1778 1014 1827 Alleluya‚
1036 1778 1213 1827 alleluya.

351 1842 589 1880 Communia
648 1841 840 1878 Dilexisti
852 1840 1053 1890 justitiam
1074 1854 1082 1877 ε
1115 1844 1155 1877 et
1174 1840 1292 1877 odisti
1310 1839 1572 1889 iniquitatem.

352 1904 593 1941 Comm‘zmio.

352 1959 658 1995 Oonfundantur
677 1957 846 2006 superbi,
867 1956 960 2005 quia
978 1956 1125 2005 injuste
1144 1956 1396 2005 iniquitatem
1415 1956 1591 1991 fecerunt
1615 1955 1659 1991 in
1677 1967 1740 1991 me
1757 1969 1764 1993 :
1794 1968 1863 2004 ego

270 2017 401 2049 autem
424 2013 465 2049 in
485 2012 679 2049 mandatis
698 2012 778 2048 tuis
801 2011 1019 2056 exercebor,
1041 2011 1084 2046 in
1108 2011 1189 2047 tuis
1208 2009 1571 2060 justificationibus,
1598 2013 1643 2045 ut
1668 2022 1748 2046 non
1775 2022 1862 2046 con-

268 2067 420 2103 fundar.

356 2120 599 2158 Covwnwm‘o.

356 2175 448 2211 Feci
473 2174 668 2223 judicium
699 2177 739 2210 et
766 2172 994 2221 justitiam:
1027 2172 1209 2218 Domine,
1240 2185 1321 2208 non
1357 2171 1646 2208 calumnientur
1674 2171 1774 2207 mihi
1806 2183 1865 2207 su-

274 2229 384 2277 perbi
404 2243 410 2265 :
440 2229 490 2265 ad
519 2228 651 2264 omnia
675 2227 862 2263 mandata
886 2230 957 2263 tua
981 2226 1188 2276 dirigebar,
1208 2239 1363 2263 omnem
1392 2226 1496 2262 viam
1524 2225 1749 2275 iniquitatis
1776 2225 1864 2261 odio

275 2283 406 2319 habui.

364 2336 607 2374 Communis).

362 2391 547 2439 Quinque
583 2388 795 2439 prudentes
824 2388 997 2438 virgines
1030 2392 1261 2436 acceperunt
1297 2388 1427 2424 oleum
1458 2387 1500 2423 in
1537 2387 1639 2423 vasis
1672 2386 1751 2423 suis
1774 2399 1864 2423 cum

279 2445 526 2493 lampadibus
542 2459 549 2480 ς
579 2443 707 2479 media
726 2447 859 2479 autem
877 2446 991 2479 nocte
1011 2442 1156 2479 clamor
1173 2442 1299 2478 factus
1319 2446 1377 2479 est
1392 2455 1402 2488 3
1431 2441 1530 2477 Ecce
1558 2453 1721 2490 sponsus
1741 2440 1861 2486 venit,

281 2499 386 2534 exite
407 2499 563 2534 obviam
582 2497 738 2534 Christo
758 2496 940 2534 Domino.

359 2559 594 2598 Communia

358 2614 494 2651 Simile
532 2618 591 2649 est
628 2626 793 2661 regnum
830 2613 1015 2649 caelorum
1052 2611 1204 2648 homini
1241 2610 1478 2661 negotiatori
1514 2610 1707 2659 quaerenti
1743 2610 1866 2647 bonas

277 2669 535 2717 margaritas:
566 2668 729 2704 inventa
756 2680 836 2704 una
863 2667 1033 2716 pretiosa
1060 2666 1292 2716 margarita:
1323 2665 1432 2702 dedit
1460 2665 1590 2701 omnia
1618 2677 1689 2701 sua
1707 2668 1746 2701 et
1766 2677 1865 2701 com-

274 2722 430 2772 paravit
449 2735 542 2758 eam.

359 2783 601 2822 C'ommmzio.

362 2837 565 2886 Principes
592 2836 788 2886 persecuti
814 2840 907 2873 sunt
934 2850 997 2874 me
1024 2836 1156 2887 gratis,
1179 2839 1219 2873 et
1240 2849 1262 2872 a
1281 2835 1410 2872 verbis
1436 2834 1516 2870 tuis
1544 2833 1772 2870 formidavit
1800 2846 1864 2870 cor

281 2905 436 2929 meum:
465 2892 627 2928 laetabor
646 2903 715 2939 ego
735 2903 851 2939 super
879 2891 1032 2940 eloquia
1059 2895 1140 2936 tua,
1162 2890 1263 2926 sicut
1294 2889 1362 2939 qui
1389 2889 1542 2925 invenit
1570 2888 1695 2936 spolia
1712 2887 1865 2925 multa:

281 2946 508 2995 concupivit
541 2945 672 2982 anima
708 2957 794 2981 mea
830 2945 1056 2982 testimonia
1092 2949 1172 2991 tua,
1208 2943 1390 2989 Domine,
1422 2947 1461 2979 et
1497 2942 1639 2978 dilexit
1669 2955 1714 2979 ea
1749 2941 1862 2978 vehe-

277 3005 439 3037 menter.
