1979 3348
272 274 355 313 250
979 270 1154 326 syrie&

272 382 438 430 Christe,
459 382 645 433 virgineae
664 382 734 419 fios
753 382 965 432 pudicitiae,
986 382 1200 428 incarnate,
1221 381 1388 431 eleyson.

273 437 439 482 Christe,
461 437 530 486 qui
548 437 595 474 de
615 441 740 474 morte
758 443 829 472 tuo
848 449 918 472 nos
937 435 1127 486 sanguine
1145 436 1357 482 redemisti,
1379 436 1543 486 eleyson.

274 491 413 539 Kyrie,
436 491 605 540 Spiritus
624 491 737 536 alme,
760 490 872 526 Patri
893 489 1072 539 Filioque
1090 490 1305 538 coaequalis,
1326 490 1492 540 eleyson.

274 544 412 593 Kyrie,
434 544 648 581 individuae
668 543 844 580 caritatis
863 544 963 580 bone
982 544 1204 593 inspirator,
1227 544 1393 593 eleyson.

274 597 414 646 Kyrie,
435 598 645 635 invisibilis
664 598 861 634 virtutum
881 597 1023 646 opifex,

273 652 423 688 Mentis
442 657 585 690 nostrae
605 652 735 689 sordes
754 651 880 699 ablue,
900 655 947 688 ut
966 651 1009 688 in
1027 651 1139 688 nobis
1158 664 1315 688 manere
1333 656 1379 688 tu
1399 652 1580 702 digneris,
1601 652 1767 701 eleyson.

999 786 1146 823 XXII.

875 863 1181 901 CUNCTIPOTENS
1211 864 1281 914 (2).

277 941 560 991 Cunctipotens
579 941 733 990 genitor
753 941 872 987 Deus,
895 940 1165 987 omnicreator,
1186 941 1351 990 eleyson.

277 996 381 1032 Fons
401 1000 440 1031 et
460 995 566 1044 origo
587 995 690 1040 boni,
710 995 786 1044 pie,
807 994 955 1043 luxque
975 995 1167 1043 perennis,
1190 995 1354 1043 eleyson.

278 1050 438 1098 Semper
456 1048 660 1085 humiliter
679 1062 835 1085 oramus
853 1052 893 1085 te
914 1048 1086 1093 Patrem,
1106 1049 1221 1085 nobis
1240 1050 1406 1098 eleyson.

278 1103 406 1152 Kyrie
425 1102 537 1148 alme,
558 1107 642 1139 toto
668 1102 782 1139 eorde
810 1115 906 1151 grex
935 1106 1100 1138 catervae
1130 1109 1206 1139 tuae
1236 1103 1450 1151 conjubilat
1479 1102 1626 1140 caelicas
1650 1102 1784 1140 laudes
1803 1102 1877 1139 tibi

386 1156 557 1206 pulchre,
580 1160 625 1192 ut
644 1156 704 1192 illi
723 1156 895 1205 digneris
915 1169 1066 1205 semper
1085 1157 1252 1205 eleyson.

281 1211 409 1260 Kyrie
428 1211 607 1256 clemenS,
630 1210 842 1259 suscipiens
858 1211 1051 1258 praeconia
1069 1215 1204 1246 nostra
1218 1210 1296 1259 poli
1313 1223 1398 1247 arce
1418 1215 1505 1260 post
1525 1211 1652 1248 carnis
1670 1211 1788 1248 finem
1807 1223 1879 1247 nos

387 1265 590 1313 conjunge,
613 1268 732 1313 atque
751 1263 834 1300 sine
853 1265 929 1300 fine
949 1264 1062 1300 nobis
1081 1264 1250 1313 eleyson,

281 1317 461 1355 Piissime
481 1331 552 1355 rex
572 1318 710 1368 Kyrie.

994 1434 1168 1470 XXIII.

833 1510 1001 1549 RECTOR
1029 1522 1336 1548 concrirorssns.

285 1588 432 1625 Rector
451 1588 734 1637 cunctipotens,
756 1587 884 1624 nostri
903 1588 1064 1637 dignare
1084 1588 1248 1637 eleyson.

283 1641 361 1678 Pro
382 1642 537 1678 homine
557 1655 607 1678 ex
626 1642 779 1691 virgine
798 1641 915 1679 homo
934 1643 1060 1678 faetus
1081 1642 1246 1687 Christe,
1269 1642 1419 1678 cunctis
1438 1642 1648 1679 clementer
1666 1642 1830 1692 eleyson.

285 1696 427 1732 Passus
447 1696 552 1732 necis
571 1696 784 1733 teterrimae
804 1709 945 1745 paenas,
969 1696 1001 1733 O
1024 1696 1204 1741 Domine,
1227 1697 1410 1745 praesenti
1429 1701 1569 1733 turmae
1590 1697 1754 1746 eleyson.

286 1750 381 1787 Caeli
400 1763 480 1796 rex,
505 1749 671 1796 Christe,
686 1754 878 1799 terraeque
898 1749 1083 1799 pulchrae,
1100 1750 1168 1799 qui
1187 1750 1234 1786 de
1253 1750 1457 1799 sepulchro
1476 1750 1694 1796 surrexisti,
1716 1750 1882 1799 eleyson.

286 1804 540 1849 Cunctorum,
561 1804 727 1850 Christe,
742 1804 973 1841 monstrasti
992 1804 1133 1841 clausis
1147 1804 1215 1853 qui
1234 1808 1273 1840 te
1287 1804 1422 1852 januis
1442 1804 1593 1841 dilectis
1608 1805 1700 1851 tuis,
1716 1804 1882 1853 eleyson.

288 1857 444 1894 Christe
480 1863 569 1906 post
606 1862 772 1894 mortem
805 1858 890 1907 jam
927 1857 1039 1895 caelos
1076 1858 1140 1894 die
1177 1858 1472 1908 quadragesima
1509 1859 1578 1908 qui
1614 1858 1883 1905 conscendisti,

396 1912 561 1961 eleyson.

288 1966 351 2002 En
373 1966 475 2015 ignis
504 1965 574 2015 qui
602 1966 739 2015 specie,
773 1965 902 2015 Kyrie
929 1978 1012 2013 reX,
1042 1965 1282 2002 Paraclitum
1311 1966 1496 2015 apostolis
1525 1971 1703 2004 sanctum
1732 1966 1885 2011 misisti,

397 2033 549 2069 semper
567 2020 692 2056 nostri
712 2020 879 2068 eleyson.

290 2073 432 2123 Fulges
451 2074 521 2123 qui
539 2074 681 2110 throno
698 2074 846 2126 XPatris,
865 2073 1003 2123 Kyrie,
1020 2086 1091 2110 nos
1105 2073 1330 2123 perenniter
1348 2074 1564 2111 voluntatis
1578 2079 1656 2111 tuae
1672 2075 1832 2111 firmans
1845 2074 1888 2111 in

398 2128 492 2177 lege,
514 2128 626 2164 nobis
646 2127 813 2177 eleyson.

292 2182 488 2218 Immense
503 2182 738 2229 dominator,
752 2181 880 2231 Kyrie
894 2195 976 2228 reX,
988 2181 1167 2230 judicare
1179 2194 1267 2218 cum
1281 2182 1435 2219 veneris
1449 2182 1498 2219 ab
1513 2195 1599 2220 arce
1615 2196 1748 2220 omnes
1762 2183 1890 2219 tribus

398 2241 525 2283 terrae,
546 2236 638 2273 huie
656 2240 753 2273 tunc
770 2239 912 2273 turmae
931 2236 1101 2273 clemens
1119 2235 1284 2285 eleyson.

1010 2382 1179 2420 XXIV.

940 2456 1092 2505 KYROE,
1123 2467 1259 2494 SALVE.

297 2535 436 2583 Kyrie,
458 2534 574 2579 salve,
592 2546 833 2582 semperque,
854 2532 994 2582 Kyrie,
1015 2533 1169 2582 eleyson
1186 2547 1196 2580 3
1223 2534 1407 2583 praesenti
1426 2538 1565 2571 turmae
1586 2534 1752 2584 eleyson.

295 2589 467 2625 Vivifice
486 2588 640 2637 plastes,
663 2587 813 2624 excelse
831 2587 1011 2636 princeps
1030 2587 1179 2637 patriae,
1201 2588 1366 2637 eleyson.

298 2642 437 2692 Kyrie,
458 2646 551 2678 nate
572 2641 710 2678 Mariae
730 2641 869 2678 matris
887 2640 1079 2690 praecelse,
1099 2641 1266 2690 eleyson.

297 2696 412 2733 Patri
431 2695 629 2732 simillime
651 2695 819 2741 Christe,
839 2708 911 2732 rex
929 2695 1044 2731 unice
1061 2695 1223 2740 virtute,
1245 2695 1412 2744 eleyson.

298 2750 400 2795 Tibi,
421 2749 628 2785 mitissime
642 2762 712 2786 rex
732 2749 866 2786 laudes
886 2749 1044 2785 canenti
1064 2753 1241 2796 catervae,
1262 2749 1428 2798 eleyson.

297 2804 468 2840 Mirifice
488 2802 655 2849 Christe,
677 2815 795 2852 quem
813 2806 963 2839 cunetae
982 2802 1148 2839 adorant
1166 2802 1369 2849 machinae,
1390 2803 1557 2852 eleyson.

300 2857 441 2906 Kyrie‚
463 2857 637 2906 personis
656 2856 804 2905 triplex
822 2856 1068 2906 simplexque
1086 2857 1129 2893 in
1148 2856 1321 2903 Deitate,
1342 2857 1506 2905 eleyson.

301 2911 483 2948 Piissime
502 2910 726 2959 redemptor
744 2914 887 2955 noster,
903 2911 989 2959 jam
1008 2914 1135 2947 morte
1153 2915 1320 2948 mortem
1340 2910 1554 2956 destruens,
1575 2911 1740 2960 eleyson.

303 2965 431 3015 Kyrie
463 2977 533 3001 nos
565 2964 655 3013 polo
687 2977 822 3001 omnes
854 2965 1105 3015 conjungens,
1140 2977 1211 3002 rex
1244 2964 1401 3013 inclyte,
1436 2965 1550 3002 corde
1583 2965 1725 3002 devoto
1758 2965 1899 3003 obnixo

411 3019 663 3069 deprecamur
680 3021 732 3065 te,
754 3017 920 3067 eleyson.
