1979 3348
268 240 348 282 176
799 237 1030 280 Orationes
1064 237 1338 280 Communes.

889 365 976 401 PRO
1006 363 1242 401 Smnmpso.

354 420 496 457 Oratio.

346 472 583 523 Suppliciter
611 477 662 519 te,
684 473 792 509 Deus
812 472 941 516 Pater,
964 471 1032 520 qui
1052 484 1091 507 es
1120 476 1271 508 creator
1298 471 1473 508 omnium
1493 485 1633 519 rerum,
1656 473 1839 522 deprecor
1855 486 1867 520 3

265 531 322 573 ut,
358 528 452 563 dum
489 540 551 563 me
584 527 775 563 famulum
807 530 922 562 tuum
955 525 1005 562 N.
1042 538 1171 561 coram
1208 525 1495 575 omnipotentia
1532 527 1749 575 majestatis
1786 531 1865 564 tuae

263 582 436 631 graviter
481 580 690 629 deliquisse
739 579 937 623 confiteor,
976 592 1138 615 manum
1194 579 1292 615 mihi
1342 579 1614 617 misericordiae
1665 581 1838 630 porrigas
1853 594 1865 628 3

265 636 451 684 quatinus
471 634 564 670 dum
585 647 653 683 ego
673 634 772 670 hanc
792 633 1030 670 oblationem
1050 637 1128 669 tuae
1158 633 1298 682 pietati
1328 645 1396 682 pro
1415 634 1581 681 peccatis
1608 635 1704 671 meis
1733 636 1863 682 offero,

264 689 367 737 quod
386 688 566 737 nequiter
585 687 724 724 admisi
744 687 1042 724 clementissime
1062 687 1231 735 digneris
1250 686 1457 723 absolvere.
1516 687 1594 724 Per
1609 688 1835 725 Dominum.

344 741 504 779 Secreta.

345 796 453 832 Deus
473 795 757 840 misericordiae,
773 795 880 831 Deus
900 794 1070 844 pietatis,
1092 794 1199 831 Deus
1219 793 1474 844 indulgentiae
1494 807 1504 840 3
1527 794 1698 844 indulge,
1721 808 1860 844 quaeso,

264 855 303 886 et
323 850 504 886 miserere
524 850 601 886 mei
621 850 723 885 servi
755 849 828 895 tui,
859 852 905 884 ut
938 848 1169 885 sacrificium
1201 848 1305 897 quod
1337 848 1476 897 pietati
1496 852 1574 884 tuae
1603 862 1672 898 pro
1697 850 1864 898 peccatis

263 904 358 940 meis
378 904 507 950 offero,
528 904 694 953 benigne
713 903 905 952 suscipere
926 903 1096 952 digneris
1113 915 1122 948 3
1151 906 1190 938 et
1223 909 1379 951 peccata
1398 915 1483 952 quae
1514 902 1734 939 labentibus
1754 903 1864 940 vitiis

263 971 332 1007 per
359 957 621 1006 ignorantiam
642 957 831 1001 contraxi,
853 957 940 1006 pius
974 969 1017 992 ac
1049 956 1242 1005 propitius
1275 969 1317 993 ac
1337 956 1553 992 misericors
1572 956 1772 1006 indulgeas
1785 970 1795 1003 3
1824 961 1864 994 et

262 1012 391 1048 locum
423 1012 661 1061 paenitentiae
695 1024 739 1047 ac
772 1010 935 1046 flumina
966 1010 1227 1059 lacrymarum
1261 1010 1455 1055 conceda&
1491 1015 1538 1046 ut
1570 1010 1727 1047 veniam
1763 1024 1786 1047 a
1823 1014 1862 1047 te

262 1079 412 1102 merear
429 1066 600 1114 accipere
620 1065 860 1101 delictorum.
921 1064 1007 1100 Per.

344 1118 664 1156 Postcom7mmio.

343 1173 461 1219 Deus,
485 1173 553 1222 qui
584 1173 766 1208 vivorum
799 1185 837 1208 cs
871 1171 1042 1207 salvator
1074 1172 1260 1216 omnium,
1284 1172 1351 1220 qui
1371 1184 1450 1207 non
1470 1171 1528 1207 vis
1548 1175 1713 1208 mortem
1734 1184 1863 1221 pecca-

260 1231 391 1263 torum
422 1240 492 1263 nec
525 1226 669 1262 laetaris
700 1226 742 1261 in
774 1225 992 1274 perditione
1025 1225 1303 1271 morientium3
1331 1229 1370 1261 te
1396 1225 1559 1274 supplex
1589 1226 1784 1274 deprecor,
1815 1230 1862 1262 ut

261 1281 444 1317 concedas
473 1281 572 1316 mihi
608 1279 763 1316 veniam
802 1279 1032 1315 delictorum
1065 1292 1251 1324 meorum,
1284 1283 1329 1314 ut
1362 1282 1400 1315 et
1434 1279 1600 1315 admissa
1632 1279 1793 1316 defleam
1821 1283 1862 1316 et

260 1334 508 1383 postmodum
538 1347 618 1370 non
652 1333 861 1370 admittam
878 1346 888 1379 3
922 1337 968 1368 ut
1001 1346 1089 1368 cum
1122 1333 1220 1368 mihi
1251 1336 1425 1368 extrema
1456 1332 1538 1368 dies
1568 1333 1734 1382 finisque
1766 1333 1860 1370 vitae

261 1401 353 1425 meae
384 1383 599 1434 adirenerit,
635 1387 886 1424 emendatum
923 1386 1075 1423 delictis
1122 1387 1302 1423 omnibus
1346 1399 1407 1422 me
1445 1386 1604 1435 angelus
1641 1387 1861 1424 sanctitatis

260 1442 434 1492 accipiat.
494 1442 579 1479 Per.

742 1518 811 1553 AD
843 1527 1136 1553 i‘osrcLANDAM
1166 1515 1371 1552 GRATIAM.

342 1571 486 1610 Oratio.

340 1627 459 1673 Deus,
481 1625 544 1663 cui
564 1638 677 1662 omne
697 1638 762 1661 cor
780 1628 901 1674 patet,
918 1627 956 1661 et
975 1624 1102 1661 omnis
1116 1623 1298 1660 voluntas
1310 1623 1496 1673 loquitur,
1513 1628 1552 1660 et
1572 1637 1685 1673 quem
1706 1623 1859 1660 nullum

258 1681 355 1717 latet
392 1684 608 1725 secretum;
649 1679 812 1728 purifica
848 1691 917 1727 per
953 1678 1189 1714 infusionem
1227 1677 1361 1714 Sancti
1399 1677 1568 1726 Spiritus
1605 1677 1861 1727 cogitationes

259 1735 383 1771 cordis
402 1734 538 1780 nostri,
559 1738 605 1769 ut
638 1733 806 1781 perfecte
841 1737 879 1769 te
913 1732 1072 1782 diligere
1106 1736 1145 1768 et
1177 1731 1292 1780 digne
1318 1731 1475 1768 laudare
1495 1745 1722 1768 mereamur.
1782 1732 1859 1768 Per

260 1789 484 1826 Dominum.
544 1788 594 1824 In
615 1787 778 1823 unitate.

339 1842 497 1880 Secreta.

340 1896 438 1933 Haec
454 1895 612 1940 oblatio,
628 1907 861 1944 quaesumus,
876 1893 1045 1930 Domine
1059 1893 1178 1938 Deus,
1194 1893 1318 1929 cordis
1334 1892 1458 1929 nostri
1473 1893 1644 1929 maculas
1660 1893 1855 1938 emundet,

259 1954 304 1987 ut
325 1950 460 1987 Sancti
480 1950 651 1999 Spiritus
671 1949 787 1998 digna
811 1948 1000 1984 efficiatur
1019 1947 1221 1984 habitatio.
1266 1947 1341 1983 Per
1360 1947 1585 1983 Dominum.
1632 1947 1683 1982 In
1702 1947 1856 1984 unitate

259 2004 442 2053 ejusdem.

338 2057 658 2095 Postcommfzmio.

338 2112 578 2149 Sacrificium
626 2110 761 2147 salutis
808 2113 950 2146 nostrae
998 2113 1205 2153 sumentes,
1253 2108 1416 2145 concede
1454 2108 1578 2154 nobis,
1619 2121 1853 2157 quaesumus,

258 2166 427 2203 Domine
461 2166 581 2211 Deus,
602 2178 671 2214 per
702 2164 869 2213 gratiam
902 2163 1036 2199 Sancti
1067 2163 1236 2211 Spiritus
1264 2162 1479 2211 purificatis
1499 2162 1695 2199 mentibus
1714 2163 1854 2212 saepius

256 2226 333 2258 tuae
353 2220 510 2270 pietatis
529 2220 778 2268 frequentare
797 2217 1037 2267 mysterium.
1098 2216 1182 2253 Per.
1242 2217 1293 2252 In
1312 2217 1476 2252 unitate.

722 2343 890 2380 CONTRA
919 2343 1202 2379 TENTATIONES
1230 2356 1251 2376 ‹⁴
1286 2354 1384 2379 itxls.

336 2398 480 2436 Oratio.

336 2454 421 2490 Ure
440 2453 530 2502 igne
550 2452 685 2489 Sancti
714 2451 885 2500 Spiritus
907 2464 1018 2487 renes
1038 2455 1191 2487 nostros
1211 2465 1248 2487 et
1270 2451 1384 2488 corda
1403 2454 1548 2497 nostra,
1580 2451 1749 2488 Domine
1763 2465 1774 2498 3
1803 2456 1849 2488 ut

253 2508 327 2544 tibi
348 2511 453 2543 casto
473 2519 631 2555 corpore
651 2505 876 2551 serviamus,
900 2509 939 2541 et
959 2505 1103 2541 mundo
1124 2505 1237 2541 corde
1256 2505 1486 2554 placeamus.
1546 2504 1631 2541 Per.

334 2560 493 2598 Secreta.

334 2615 538 2662 Dirumpe,
561 2613 742 2660 Domine,
763 2612 921 2649 vincula
940 2616 1186 2661 peccatorum
1205 2616 1427 2649 nostrorum
1445 2626 1455 2658 3
1475 2616 1521 2648 ut
1540 2612 1755 2650 sacrificare
1774 2613 1850 2649 tibi

252 2669 422 2705 hostiam
436 2668 562 2704 laudis
577 2667 756 2704 absoluta
771 2667 952 2703 libertate
969 2667 1159 2714 possimus
1167 2679 1176 2711 3
1197 2671 1235 2702 et
1251 2667 1356 2702 salva
1376 2680 1446 2702 nos
1461 2679 1529 2715 per
1544 2666 1844 2716 indulgentiam,

252 2736 349 2772 quos
369 2722 552 2770 dignatus
573 2734 611 2757 cs
631 2721 780 2757 salvare
799 2734 868 2769 per
887 2720 1066 2770 gratiam.
1124 2720 1201 2756 Per
1221 2720 1446 2756 Dominum.

333 2775 651 2813 Postcommum'o.

332 2831 451 2874 Deus,
478 2829 635 2877 adjutor
661 2832 794 2864 noster
823 2834 863 2864 et
888 2832 1094 2877 protector,
1122 2828 1266 2877 adjuva
1294 2840 1365 2864 nos
1395 2840 1465 2876 per
1490 2828 1680 2865 virtutem
1712 2827 1847 2864 Sancti

251 2885 421 2934 Spiritus
446 2888 515 2919 tua
540 2890 674 2918 sancta
698 2886 922 2927 sumente-33
950 2886 996 2918 ut
1020 2881 1200 2918 refloreat
1228 2894 1316 2918 caro
1341 2885 1473 2918 nostra
1494 2882 1627 2931 vigore
1646 2881 1845 2931 pudicitiae

249 2945 289 2975 et
309 2936 576 2975 sanctimoniae
596 2936 771 2972 novitate
789 2949 798 2981 3
830 2940 1082 2984 ereptamque
1103 2935 1150 2971 de
1174 2948 1294 2972 manu
1318 2935 1459 2971 tartari
1483 2935 1526 2972 in
1551 2935 1847 2972 resurrectionis

248 2993 391 3043 gaudio
406 2992 545 3041 jubeas
565 2991 803 3040 praesentari.
863 2989 940 3026 Per
960 2990 1184 3026 Dominum.
1243 2989 1294 3026 In
1314 2988 1478 3026 unitate.
