1979 3348
311 207 374 248 In
393 208 514 249 Festo
540 207 859 262 plurimm‘um
887 207 1132 263 Virgyinum
1152 208 1423 263 Martyrum.
1583 213 1664 257 157

164 317 482 354 Postcommunio.

162 371 368 420 Adjuvent
393 384 474 418 nos,
497 384 730 420 quaesumus,
752 372 934 418 Domine,
954 372 1035 408 haec
1064 372 1250 421 mysteria
1281 377 1414 410 sancta
1433 375 1518 423 quae
1538 388 1664 423 sump-

83 424 212 471 simus,
249 430 287 461 et
318 425 440 461 beatae
473 425 525 463 N.
560 426 725 475 vii-ginis
761 426 1022 475 martyrisque
1060 430 1137 462 tuae
1174 427 1401 463 intercessio
1428 429 1660 465 veneranda.

85 478 168 514 Per.

403 581 455 617 IN
484 580 613 618 FEsTo
641 592 764 618 umus
792 581 987 618 Vmclms
1016 593 1098 618 NON
1128 581 1356 619 MARTYms.

165 667 348 716 Offi'cium.
407 668 596 705 Dilexisti
611 668 822 717 justitiam.

165 721 309 759 Oratio.

163 776 420 824 Omnipotens
458 776 692 825 sempiterne
730 775 850 820 Deus,
889 775 939 811 da
965 775 1079 811 nobis
1116 774 1158 811 in
1195 775 1413 812 festivitate
1451 776 1573 813 beatae
1609 777 1660 814 N.

83 829 246 878 virginis
274 833 352 865 tuae
381 842 550 878 congrua
578 828 783 865 devotione
810 829 1000 877 gaudere,
1029 833 1074 864 ut
1094 833 1133 865 et
1151 829 1370 878 potentiam
1389 834 1499 866 tuam
1518 831 1560 866 in
1580 831 1664 880 ejus

82 883 253 919 transitu
272 883 484 927 laudemus,
507 887 546 919 et
564 883 763 931 provisum
783 882 896 918 nobis
915 882 1173 931 percipiamus
1192 883 1396 921 auxilium.
1456 884 1543 921 Per.

163 936 349 985 Epistola.
410 937 487 981 Qui
506 936 707 984 gloriatur.

164 990 348 1039 Epistola.
408 990 609 1039 Sapientia
628 989 752 1026 vincit
770 989 974 1026 malitiam.

163 1043 341 1080 Gradale.
399 1044 622 1092 Adjuvabit
642 1057 735 1080 eam.

162 1097 361 1145 Alleluya.
429 1097 465 1134 V.
499 1097 632 1146 Specie
650 1101 730 1133 tua.

161 1149 377 1199 Sequentia.
436 1151 616 1200 Virginis
636 1151 878 1198 venerandae,
899 1156 943 1187 ut
962 1150 1006 1187 in
1027 1149 1246 1189 Communi.

160 1204 426 1252 Evcmqeltum.
485 1204 621 1241 Simile
640 1209 699 1241 est
718 1218 882 1254 regnum
901 1204 1083 1241 caelorum
1102 1205 1297 1241 thesauro.

165 1257 418 1305 Offertorium.
474 1259 629 1295 Diffusa
648 1263 706 1295 est
724 1259 861 1308 gratia.

163 1311 322 1349 Secreta.

164 1366 374 1402 Offerimus
410 1366 496 1412 tibi,
537 1366 718 1411 Domine,
752 1379 882 1415 preces
919 1370 959 1402 et
995 1379 1160 1403 munera
1189 1367 1231 1402 in
1261 1366 1406 1403 honore
1439 1370 1580 1403 sanctae
1609 1367 1661 1405 N.

83 1419 319 1469 gaudentes3
347 1426 501 1469 przesta,
523 1433 746 1469 quasumus,
768 1424 813 1456 ut
833 1420 1112 1456 convenienter
1136 1421 1216 1456 haec
1242 1433 1366 1469 agere,
1389 1425 1428 1457 et
1447 1421 1663 1458 remedium

83 1473 365 1522 sempiternum
411 1474 610 1511 valeamus
648 1474 857 1523 acquirere.
938 1473 1015 1510 Per
1053 1474 1270 1510 Dominum
1307 1479 1486 1511 nostrum
1523 1475 1551 1512 J
1554 1488 1663 1512 esum

86 1527 295 1563 Christum.

166 1579 408 1618 Oommunio.
466 1581 666 1618 Dilexisti.

165 1633 406 1671 Conmnunio.
466 1635 601 1671 Simile
621 1638 681 1671 est
700 1648 863 1684 regnum
883 1635 1074 1671 caelorum.

165 1688 485 1725 Postcommunz'o.
1336 1734 1342 1741 ⁸

166 1741 338 1788 Satiasti,
378 1742 558 1788 Domine,
597 1742 786 1779 familiam
822 1746 933 1778 tuam
970 1742 1198 1778 muneribus
1237 1743 1366 1787 sacris,
1402 1743 1483 1792 ejus
1516 1757 1667 1793 semper

85 1796 373 1833 interventione
392 1809 462 1832 nos
478 1796 609 1833 refove
625 1809 637 1843 3
664 1797 774 1845 cujus
793 1796 996 1833 sollemnia
1014 1796 1263 1834 celebramus.
1323 1797 1409 1834 Per.

567 1945 619 1981 IN
647 1944 777 1981 FEs'ro
806 1955 929 1981 UNlUS
960 1943 1187 1980 MATRONAE.

170 2015 352 2064 Officium.
412 2015 610 2052 Dilexisti.

169 2070 313 2107 Oratio.
373 2069 631 2118 Omnipotens
651 2069 886 2117 sempiterne
906 2068 1025 2105 Deus.

168 2123 355 2172 Epistola.
414 2123 624 2159 Mulierem
653 2123 807 2168 fortem,
842 2135 967 2170 qusere
999 2122 1043 2158 in
1072 2121 1182 2158 Festo
1213 2127 1354 2158 saowtce
1386 2122 1529 2158 Allarioe
1558 2122 1669 2170 May-

89 2178 245 2215 dalence.

171 2231 347 2268 Gradale.
405 2229 629 2279 Adjuvabit
647 2242 741 2266 eam.

165 2285 361 2333 Alleluya.
431 2284 468 2321 V.
502 2283 636 2333 Specie
655 2288 733 2320 tua.

167 2338 380 2387 Sequentia.
440 2337 585 2374 Mundi
604 2341 728 2373 aetate.

169 2392 434 2441 Evanyelium.
494 2391 629 2429 Simile
645 2394 702 2427 est
722 2403 885 2440 regnum
904 2390 1085 2427 caelorum
1105 2389 1299 2426 thesauro.

171 2446 424 2494 Qffertorium.
483 2445 638 2481 Diffusa
657 2448 717 2481 est
734 2445 871 2494 gratia.

169 2500 328 2538 Secreta.
388 2499 609 2536 Offerimus.

172 2553 414 2591 Communio.
474 2552 671 2589 DiIexisti.

171 2607 489 2645 Postcommunio.
549 2605 722 2653 Satiasti,
744 2605 922 2642 Domine.

360 2755 411 2791 IN
440 2754 570 2791 FEs'ro
601 2764 870 2791 PLURIMARUM
901 2752 1122 2789 VIRGINUM
1150 2751 1399 2789 MARTYRUM.

175 2841 357 2889 Officium.
417 2841 590 2878 Vultum
608 2845 732 2878 tuum.

176 2894 319 2932 Oratio.

176 2948 331 2985 Exaudi
355 2962 437 2996 nos,
459 2949 567 2986 Deus
586 2948 768 2986 salutaris
799 2952 942 2995 noster,
964 2952 1010 2985 ut
1040 2948 1139 2986 sicut
1177 2950 1223 2988 de
1253 2951 1456 2988 beatarum
1475 2948 1671 2999 virginum
