1979 3348
221 253 304 293 150
509 252 539 292 I
538 266 572 292 oz>
593 251 752 293 Natali
774 251 919 293 ‘cenius
943 250 1211 307 Oowifessoris
1231 255 1268 294 ct
1289 252 1532 308 Pontificio:

217 362 324 398 omni
353 362 467 398 corde
495 376 565 400 suo
595 363 772 399 laudavit
804 362 1030 408 Dominum,
1053 366 1093 398 et
1123 362 1264 399 dilexit
1294 377 1381 399 eum
1411 364 1478 413 qui
1499 363 1589 400 fecit
1608 363 1746 399 illum:
1775 366 1814 399 et

216 415 326 452 dedit
344 416 405 452 illi
424 421 560 453 contra
574 417 751 453 inimicos
771 416 989 465 potentiam
1005 430 1012 452 ε
1042 420 1081 452 et
1101 420 1202 453 stare
1222 417 1313 453 fecit
1333 422 1509 454 cantores
1528 421 1663 454 contra
1678 416 1813 463 altare,

216 473 256 507 et
276 482 388 507 sonos
420 483 554 507 eorum
587 470 718 507 dulces
752 470 843 506 fecit
876 470 1020 506 modos.
1079 470 1132 506 Et
1152 471 1259 506 dedit
1279 471 1321 506 in
1341 471 1665 508 celebrationibus
1685 470 1814 516 decus,

215 527 256 561 et
275 524 431 560 ornavit
452 528 627 574 tempora
660 537 782 573 usque
802 523 851 560 ad
871 524 1247 560 consummationem
1267 525 1368 561 vitan
1428 525 1608 561 Christus
1627 524 1811 574 purgavit

217 582 375 628 peccata
394 578 526 627 ipsius3
549 582 589 615 et
608 577 800 614 exaltavit
819 577 862 613 in
882 581 1071 614 aeternum
1092 590 1211 614 cornu
1231 578 1362 626 ipsius.
1422 578 1621 627 Sapientia
1640 576 1817 614 laudabit

217 632 389 668 animam
409 645 518 668 suam
535 645 545 678 3
575 632 617 668 in
646 631 731 667 Deo
761 631 1028 677 honorabitur,
1051 635 1090 668 et
1109 631 1151 667 in
1170 632 1298 668 medio
1328 632 1462 681 populi
1481 632 1542 669 sui
1570 632 1814 681 gloriabitur,

216 689 256 722 et
276 685 314 721 in
337 685 505 722 ecclesiis
524 685 725 721 Altissimi
750 685 898 734 aperiet
925 698 966 721 os
985 698 1098 721 suum
1116 698 1126 732 3
1157 689 1197 722 et
1224 685 1266 722 in
1286 690 1493 735 conspectu
1512 686 1673 722 virtutis
1691 685 1815 734 ipsius

215 738 457 788 gloriabitur.
511 739 561 775 In
587 739 715 775 medio
744 739 878 788 populi
897 739 1139 775 exaltabitur
1154 753 1164 786 3
1189 743 1228 776 et
1257 740 1297 776 in
1324 739 1570 788 plenitudine
1597 743 1729 775 sancta
1748 738 1813 775 ad-

215 792 436 829 mirabitur.
495 793 546 829 In
565 793 822 829 multitudine
841 793 1054 829 electorum
1065 793 1225 830 habebit
1238 793 1404 839 laudem,
1423 798 1461 830 et
1476 794 1580 830 inter
1593 793 1821 830 benedictos

215 846 476 883 benedicetur.

297 901 423 937 Lectio
443 900 532 937 libri
551 900 761 949 Sapient'ioe
780 901 867 949 (mli.
893 900 1018 951 7-14).

299 954 458 1003 Optavi,
482 959 521 991 et
541 955 656 991 datus
675 959 734 991 est
753 954 852 991 mihi
871 968 989 1003 usque
1009 956 1061 991 (αἱ
1081 955 1262 991 amicitiae
1284 955 1371 992 Dei.

296 1007 425 1045 Lectio
446 1009 536 1045 libri
554 1008 766 1058 Sapientiae
786 1009 956 1058 (Ecclus.
979 1008 1050 1045 mlv.
1078 1010 1138 1045 1-ss
1142 1010 1174 1059 )

297 1062 476 1099 Dilectus
497 1062 581 1099 Deo
602 1067 641 1099 et
666 1062 901 1108 hominibus,
923 1063 1032 1111 cujus
1061 1063 1248 1100 memoria
1267 1063 1309 1099 in
1328 1063 1599 1100 benedictione
1619 1067 1676 1099 est
1697 1075 1818 1111 usque

215 1116 268 1153 ad
287 1120 326 1152 et
346 1116 454 1152 dedit
474 1116 533 1152 illi
554 1129 619 1152 cor
637 1117 687 1152 ad
706 1120 898 1165 praecepta
918 1120 958 1152 et
977 1117 1101 1166 legem
1120 1117 1212 1153 vitae
1233 1121 1273 1153 et
1292 1117 1516 1167 disciplinae.

294 1169 422 1206 Lectio
443 1169 533 1206 libri
551 1170 761 1219 Sapientice
790 1170 962 1219 (Ecclus.
985 1170 1112 1207 oeoeoeiae.
1137 1171 1238 1219 5-9).

295 1224 323 1260 J
329 1227 438 1259 ustus
458 1237 522 1260 cor
541 1237 657 1260 suum
676 1237 795 1272 usque
815 1224 868 1260 ad
886 1224 929 1260 in
948 1225 1248 1272 generationem.

299 1277 477 1314 G'rccdalc.
717 1315 721 1319 ,

296 1331 396 1367 Ecce
415 1331 591 1368 sacerdos
610 1344 793 1380 magnus:
827 1331 894 1380 qui
914 1331 957 1367 in
976 1331 1112 1368 diebus
1132 1332 1212 1368 suis
1233 1331 1380 1380 placuit
1401 1332 1496 1368 Deo.

222 1384 261 1424 V.
295 1385 387 1421 Non
408 1389 467 1422 est
486 1385 672 1421 inventus
692 1384 832 1421 similis
851 1385 934 1422 illi:
964 1385 1032 1435 qui
1052 1393 1297 1423 conservaret
1316 1386 1440 1436 legem
1461 1386 1627 1423 Excelsi.
1651 1433 1654 1437 ,

298 1438 476 1476 Gradale.
1296 1472 1298 1475 ,
1812 1482 1815 1485 ,

294 1492 323 1529 J
325 1493 456 1529 uravit
485 1493 693 1537 Dominus,
713 1496 752 1529 et
771 1506 851 1530 non
878 1493 1082 1542 paenitebit
1102 1506 1215 1530 eum:
1245 1497 1290 1530 tu
1310 1507 1349 1530 es
1368 1493 1544 1531 sacerdos
1562 1493 1605 1529 in
1625 1498 1814 1531 aeternum

193 1583 196 1586 ,
213 1547 426 1583 secundum
447 1547 623 1584 ordinem
645 1547 943 1584 Melchisedech.

219 1600 258 1639 V.
296 1602 415 1638 Dixit
434 1601 631 1638 Dominus
651 1601 823 1638 Domino
842 1614 929 1638 meo
948 1615 956 1638 :
988 1602 1076 1639 sede
1096 1615 1119 1638 a
1138 1602 1289 1638 dextris
1307 1601 1413 1639 meis.

298 1655 478 1692 Gradale.

294 1708 439 1745 Inveni
456 1709 586 1745 David
606 1722 762 1746 servum
782 1721 931 1745 meum:
960 1709 1043 1745 oleo
1063 1714 1197 1746 sancto
1212 1710 1311 1745 unxi
1332 1723 1433 1755 eum,
1454 1723 1593 1746 manus
1608 1710 1713 1747 enim
1727 1723 1813 1747 mea

211 1762 472 1800 auxiliabitur
491 1763 526 1799 ei
543 1776 550 1799 :
579 1767 619 1799 et
638 1763 843 1799 brachium
863 1776 994 1799 meum
1015 1763 1262 1800 confirmabit
1281 1777 1381 1800 eum.

220 1817 258 1855 V.
296 1816 412 1853 Nihil
432 1817 608 1865 proficiet
627 1816 810 1853 inimicus
829 1816 871 1852 in
891 1830 935 1853 eo
955 1831 962 1853 :
995 1821 1035 1853 et
1053 1817 1157 1853 filius
1176 1817 1402 1866 iniquitatis
1420 1830 1499 1854 non
1518 1818 1673 1854 nocebit
1693 1831 1793 1855 eum.

296 1870 474 1907 Gradale.

296 1924 522 1961 Sacerdotes
559 1925 643 1974 ejus
678 1923 840 1961 induam
878 1924 1041 1961 salutari
1058 1938 1066 1962 ε
1114 1929 1153 1961 et
1191 1925 1315 1961 sancti
1343 1925 1426 1974 ejus
1455 1925 1717 1962 exsultatione
1746 1938 1813 1963 ex-

213 1978 429 2015 sultabunt.
1316 2016 1318 2019 Α

223 2033 258 2071 V.
296 2032 399 2068 Illuc
418 2033 628 2082 perducam
648 2045 768 2069 cornu
788 2031 943 2069 David:
973 2032 1108 2081 paravi
1127 2032 1324 2069 lucernam
1346 2032 1502 2070 Christo
1521 2046 1617 2070 meo.
1652 2082 1654 2085 ἱ

296 2086 476 2123 Gmclale.

293 2140 474 2187 Domine,
496 2139 722 2190 praevenisti
752 2153 841 2177 eum
869 2139 912 2176 in
941 2140 1279 2177 benedictionibus
1310 2140 1550 2178 dulcedinis:
1578 2140 1745 2190 posuisti
1770 2134 1813 2178 in

212 2194 341 2243 capite
360 2195 444 2243 ejus
464 2207 645 2231 coronam
665 2194 712 2231 de
731 2193 859 2243 lapide
877 2194 1057 2243 pretioso.
1774 2228 1776 2230 ,

219 2248 257 2285 V.
292 2248 432 2284 Vitam
460 2248 577 2298 petiit
595 2262 618 2285 a
636 2252 686 2293 te,
707 2252 747 2285 et
772 2247 950 2285 tribuisti
969 2248 1029 2286 ei:
1067 2248 1354 2298 longitudinem
1384 2249 1536 2286 dierum
1564 2248 1607 2285 in
1626 2246 1830 2286 saeculum:

213 2302 353 2340 saeculi.

295 2355 475 2393 Gradale.

293 2410 346 2446 Os
360 2410 462 2459 justi
482 2409 739 2446 meditabitur
758 2409 991 2458 sapientiam
1007 2424 1014 2446 :
1044 2413 1084 2446 et
1103 2410 1236 2459 lingua
1257 2411 1340 2459 ejus
1359 2410 1542 2459 loquetur
1555 2410 1760 2459 judicium.

218 2463 257 2501 V.
295 2464 379 2500 Lex
400 2464 476 2500 Dei
495 2465 579 2513 ejus
598 2464 641 2500 in
660 2464 774 2500 corde
793 2464 915 2512 ipsius
935 2477 942 2500 :
975 2467 1014 2500 et
1033 2477 1112 2500 non
1132 2464 1493 2514 supplantabuntur
1510 2477 1662 2513 gressus
1682 2465 1776 2513 ejus,
1806 2500 1808 2503 ,

292 2517 489 2566 Alleluya.
556 2518 593 2556 V.
626 2517 770 2555 Inveni
800 2517 932 2554 David
958 2530 1113 2554 servum
1145 2532 1274 2555 meum
1291 2532 1298 2554 ε
1328 2518 1410 2554 oleo
1441 2522 1574 2555 sancto
1597 2531 1682 2555 meo
1710 2518 1809 2555 unxi

212 2583 312 2608 eum.

290 2623 484 2674 Alleluya.
543 2625 580 2662 V.
613 2625 732 2662 Posui
751 2625 991 2674 adjutorium
1010 2638 1126 2674 super
1143 2628 1345 2674 potentem
1362 2639 1370 2662 :
1400 2629 1440 2662 et
1454 2625 1627 2662 exaltavi
1642 2626 1809 2663 electum
1834 2652 1836 2655 -

211 2678 259 2715 de
278 2678 389 2727 plebe
410 2692 504 2715 mea.

290 2731 484 2780 Alleluya.
541 2732 579 2770 V.
611 2732 639 2770 J
642 2736 754 2770 ustus
772 2733 1009 2782 germinabit
1023 2733 1125 2770 sicut
1143 2733 1271 2769 lilium
1288 2747 1296 2769 :
1324 2736 1364 2770 et
1382 2732 1536 2769 florebit
1555 2733 1596 2769 in
1617 2737 1808 2770 aeternum

210 2789 302 2823 ante
323 2785 549 2822 Dominum.

290 2839 487 2889 Alleluya.
552 2839 591 2877 V.
637 2840 824 2890 Disposui
860 2844 1140 2878 testamentum
1181 2840 1312 2878 electis
1348 2840 1466 2877 meis:
1502 2840 1636 2889 juravi
1674 2840 1807 2877 David

211 2906 322 2930 servo
341 2906 438 2930 meo.

286 2947 484 2996 Alleluya.
550 2946 588 2985 V.
621 2947 703 2984 Iste
722 2951 881 2985 sanctus
900 2948 1017 2998 digne
1046 2948 1089 2984 in
1120 2947 1346 2985 memoriam
1374 2947 1546 2985 vertitur
1575 2948 1805 2986 hominum:

205 3000 274 3050 qui
293 3000 342 3037 ad
360 3001 549 3050 gaudium
567 3001 727 3038 transiit
747 3002 985 3052 angelorum.
