1979 3348
260 225 314 269 78
874 226 1000 268 Festa
1029 225 1240 281 Auyusti.

581 383 632 420 In
659 394 730 420 mn
758 393 898 420 simon
927 382 1171 419 LAURENTII.
1232 381 1298 431 (iv.
1322 381 1382 418 Id.
1404 380 1529 432 Aug.)

340 468 539 561 ἓέῗέἑξῖε.)
553 527 593 560 et
611 522 860 572 pulchritudo
879 522 922 558 in
941 525 1150 571 conspectu
1169 522 1253 572 ejus
1268 535 1277 560 ε
1306 521 1494 559 sanctitas
1508 524 1548 559 et
1562 519 1854 573 magnificentia

260 579 303 615 in
321 577 630 615 sanctificatione
649 577 743 626 ejus.

343 639 536 677 Psalmus.

341 693 507 731 Cantate
527 692 698 730 Domino
717 691 914 728 canticum
934 704 1080 728 novum
1096 704 1103 728 :
1132 694 1288 728 cantate
1309 689 1482 728 Domino
1501 690 1628 728 omnis
1646 694 1761 728 terra.

345 755 490 793 Oratio.

341 810 405 846 Da
423 808 546 856 nobis,
567 820 798 858 quaesumuS‚
821 807 1066 856 omnipotens
1087 806 1207 853 Deus,
1229 806 1419 843 vitiorum
1437 809 1663 843 nostrorum
1680 805 1856 842 flammas

260 863 500 913 extinguere,
538 862 607 911 qui
642 862 756 898 beato
794 861 1007 898 Laurentio
1044 860 1212 910 martyri
1247 864 1318 897 tuo
1355 860 1533 897 tribuisti
1569 863 1856 897 tormentorum

261 930 419 955 suorum
437 916 617 953 incendia
634 928 825 965 superare.
882 915 960 952 Per
977 915 1204 953 Dominum.

343 979 408 1016 Ad
429 978 651 1017 Corinthios
668 978 719 1027 (2
739 977 789 1015 ἐκ.
815 975 939 1027 6-10).

342 1034 500 1070 Fratres
515 1047 523 1070 z
553 1032 621 1082 qui
639 1044 753 1081 parce
773 1030 940 1067 seminat
958 1043 1079 1079 usque
1097 1030 1151 1068 ad
1164 1029 1333 1080 justitiae
1352 1032 1504 1068 vestrae.

348 1095 525 1133 Gradale.

344 1149 538 1195 Probasti‚
559 1147 740 1194 Domine,
758 1160 823 1184 cor
841 1159 972 1183 meum
990 1160 998 1184 :
1028 1150 1068 1183 et
1087 1146 1257 1183 visitasti
1275 1148 1399 1183 nocte.

272 1205 309 1242 V.
346 1204 445 1253 Igne
464 1215 526 1239 me
545 1201 779 1239 examinasti
795 1214 803 1237 z
831 1204 871 1237 et
889 1213 969 1236 non
988 1203 1047 1236 est
1066 1200 1229 1237 inventa
1247 1200 1291 1236 in
1309 1213 1371 1237 me
1389 1199 1589 1249 iniquitas.

344 1257 541 1306 Alleluya.
609 1255 644 1293 V.
677 1254 818 1291 Levita
837 1253 1074 1290 Laurentius
1101 1254 1248 1291 bonum
1267 1267 1365 1303 opus
1388 1257 1570 1303 operatus
1589 1255 1673 1291 est:
1702 1251 1770 1302 qui
1788 1265 1857 1303 per

264 1312 419 1361 signum
438 1311 563 1348 crucis
582 1322 701 1347 caecos
719 1308 973 1345 illuminavit.

346 1372 562 1423 Sequentia.

481 1426 591 1463 Stola
602 1423 872 1475 jocunditatis,
894 1422 1075 1472 alleluya,

479 1480 620 1518 Induit
638 1479 752 1516 hodie
772 1477 967 1514 Dominus
986 1477 1153 1513 militem
1171 1489 1286 1514 suum
1304 1475 1575 1514 Laurentium.

479 1534 604 1572 Solito
623 1532 784 1583 plaudat
803 1532 968 1568 alacrius
987 1531 1120 1568 concio
1139 1531 1229 1568 laeta
1247 1530 1433 1568 fidelium.

481 1588 613 1625 Hodie
631 1590 782 1635 martyr
799 1585 962 1634 insignis
980 1585 1148 1622 hostiam
1168 1585 1252 1621 Deo
1272 1585 1490 1634 placentem
1509 1584 1654 1622 obtulit
1674 1598 1681 1622 :

481 1642 613 1679 Hodie
631 1643 873 1678 tormentum
891 1639 992 1688 ignis
1010 1639 1184 1688 graviter
1202 1638 1450 1676 examinatus
1468 1638 1643 1688 pertulit.

481 1696 695 1733 Animatus
713 1694 763 1731 ad
781 1697 977 1730 certamen
995 1693 1149 1729 monitu
1168 1693 1274 1729 beati
1292 1692 1405 1740 senis,

486 1748 762 1788 Gravissimis'*
781 1760 859 1784 non
878 1746 1024 1796 refugit
1044 1746 1229 1784 exhibere
1247 1746 1422 1784 membra.
1440 1746 1571 1797 paenis,

746 1810 857 1846 Ante
876 1822 1006 1858 regem
1024 1808 1246 1855 accersitur,

748 1864 802 1900 Et
820 1863 867 1899 de
887 1863 1002 1900 rebus
1021 1862 1264 1909 convenitur,

802 1916 975 1954 Occultis
995 1916 1162 1953 ecclesiae
1179 1929 1188 1953 ε

749 1971 824 2008 Sed
844 1984 924 2007 11011
943 1970 1056 2016 cedit,
1077 1968 1354 2007 blandimentis

748 2025 961 2062 Emollitus
980 2028 1049 2060 aut
1067 2023 1290 2071 tormentis,

803 2079 900 2128 Ejus
919 2078 1105 2114 avaritiae.

736 2141 922 2178 'Luditur
940 2139 1177 2177 Valerianus
1190 2152 1201 2186 3

751 2195 805 2232 Et
824 2194 973 2231 Levitae
993 2194 1101 2244 larga
1119 2205 1259 2230 manus

805 2248 914 2286 Dum
932 2248 1033 2297 petit
1051 2247 1238 2293 inducias,

752 2303 834 2339 Dat
852 2302 1034 2339 ministra
1052 2301 1226 2338 caritatis

752 2356 994 2406 Pauperibus
1013 2355 1256 2405 congregatis

806 2410 1056 2447 Facultatum
1076 2409 1216 2458 copias.

752 2471 869 2509 Furit
887 2471 1010 2521 igitur
1027 2470 1233 2520 praefectus

752 2526 808 2562 Et
825 2529 986 2575 paratur
1005 2524 1144 2561 ardens
1162 2523 1296 2571 lectus,

753 2578 989 2616 Insultantis
1007 2578 1155 2615 viscera

808 2633 935 2669 (lratis
954 2632 1034 2668 urit
1053 2644 1196 2681 aspera.

756 2695 878 2731 Sudat
897 2698 1047 2742 martyr
1064 2694 1107 2730 in
1126 2705 1247 2743 agone

757 2749 830 2797 Spe
850 2747 1035 2784 mercedis
1055 2751 1094 2784 et
1113 2759 1274 2794 coronae,

756 2802 851 2846 Quae
871 2802 987 2839 datur
1005 2801 1184 2838 fidelibus

809 2856 886 2893 Pro
906 2856 1062 2893 Christo
1080 2854 1330 2892 certantibus.

858 2967 874 2982 ³*
896 2966 965 2996 MS.
983 2966 1280 2997 D—Amarissimis.
