1979 3348
731 199 860 243 Festa
886 188 1094 254 Auyusti.
1647 200 1701 245 75

329 352 478 392 Smcn
505 352 708 401 OSWALm,
736 363 853 391 uncas
880 362 930 390 Er
957 340 1170 390 mmmm.
1229 350 1350 402 (Non.
1370 351 1493 402 Aug.)

203 448 388 497 Officium.
445 450 667 488 Laetabitur
678 451 822 500 justus.

204 503 346 541 Oratio.

202 556 459 607 Omnipotens
481 557 716 607 sempiterne
739 557 859 604 Deus,
881 557 951 607 qui
976 557 1094 607 hujus
1119 556 1197 594 diei
1216 556 1430 607 jocundam
1456 556 1636 594 laetitiam
1663 556 1706 593 in

122 610 246 647 sancti
274 611 376 647 servi
405 611 466 647 tui
496 611 667 648 Oswaldi
696 611 873 660 passione
902 611 1134 648 consecrasti
1146 624 1157 657 3
1190 611 1239 648 da
1269 611 1447 647 cordibus
1476 611 1618 647 nostris
1645 611 1707 646 tui

122 663 264 701 amoris
296 664 547 714 caritatisque
583 669 837 714 augmentum
851 678 862 712 3
900 669 946 701 ut
978 665 1088 713 cujus
1119 664 1162 701 in
1198 665 1314 701 terris
1346 664 1472 702 sancti
1507 664 1707 714 sanguinis

122 717 349 754 effusionem
368 718 617 764 celebramus,
636 718 743 755 illius
767 718 810 755 in
834 718 926 755 caelo
956 718 1097 755 collata
1126 718 1341 768 patrocinia
1371 718 1568 756 mentibus
1592 717 1708 755 senti-

124 783 244 808 amus.
302 771 390 808 Per.

202 824 394 862 Memoria
411 825 456 862 de
474 830 604 862 sancto
623 825 748 863 Petro.

203 877 389 927 Epistola.
447 879 593 915 Beatus
611 878 674 916 vir
691 878 759 928 qui
777 879 972 915 inventus.

207 930 383 969 Gradalc.
442 932 625 969 Posuisti.

202 985 398 1034 Alleluya.
465 985 504 1024 V.
534 986 617 1023 Iste
636 989 804 1023 sanctus.

204 1038 419 1087 Sequentia.
478 1039 693 1088 Organicis‚
713 1045 759 1076 ut
777 1039 821 1076 in
841 1038 1059 1077 Communi.

204 1092 468 1141 Evanqelium.
525 1093 746 1131 Secundum
764 1093 921 1131 Lucam.
981 1094 1023 1131 Si
1042 1093 1129 1143 quis
1146 1093 1243 1131 vult.

207 1145 459 1193 Offlrtorium.
516 1146 698 1184 Posuisti.

206 1199 364 1237 Secreta.

206 1253 316 1300 Haec,
337 1253 515 1300 Domine,
538 1267 771 1303 quaesumus,
791 1267 966 1300 munera,
987 1267 1073 1303 quae
1097 1254 1140 1290 in
1158 1254 1263 1291 beati
1287 1254 1460 1291 Oswaldi
1488 1267 1713 1291 commemo-

125 1306 278 1344 ratione
296 1311 374 1344 tuae
393 1308 589 1357 majestati
608 1308 818 1355 offerimus,
837 1308 1029 1359 benignus
1047 1321 1208 1345 assume.
1267 1308 1354 1346 Per.

209 1359 448 1399 Communia
506 1361 653 1412 Magna
671 1366 740 1400 est.

207 1414 526 1452 Postcommunio.

207 1468 368 1515 Praesta,
394 1482 626 1518 quaesumus,
659 1468 905 1518 omnipotens
934 1469 1054 1515 Deus,
1080 1472 1127 1505 ut
1154 1469 1257 1518 quod
1284 1472 1418 1506 nostra
1447 1469 1609 1506 scientia
1635 1481 1714 1505 non

126 1523 338 1570 praesumit,
359 1523 442 1572 ejus
460 1523 529 1571 qui
547 1523 621 1559 tibi
649 1523 818 1559 fideliter
844 1523 1008 1560 servivit
1036 1523 1324 1561 interveniente
1352 1523 1511 1570 auxilio,
1532 1523 1716 1572 consequi

129 1587 356 1613 mereamur.
415 1576 491 1613 Per
510 1576 736 1612 Dominum.

347 1711 495 1751 SANCTI
525 1712 650 1760 Smn,
681 1723 792 1749 PAPAE
820 1724 869 1750 ΕΤ
902 1724 1113 1751 MARTYRIS.
1172 1713 1269 1765 (viii.
1292 1713 1351 1750 Id.
1373 1713 1497 1764 Aug.)

211 1805 395 1856 Officium.
453 1807 677 1845 Sacerdotes
694 1808 764 1844 tui.

212 1861 355 1898 Oratio.

209 1914 327 1961 Deus,
350 1915 416 1965 qui
435 1915 625 1964 conspicis
644 1915 736 1964 quia
755 1928 804 1951 ex
823 1915 933 1951 nulla
951 1920 1085 1952 nostra
1097 1916 1246 1953 virtute
1261 1916 1506 1953 subsistimus
1523 1929 1534 1964 3
1554 1917 1717 1953 concede

128 1969 331 2018 propitiUS,
367 1972 413 2005 ut
449 1969 724 2005 intercessione
752 1969 858 2005 beati
886 1969 1002 2015 Sixti,
1036 1970 1221 2020 martyris
1256 1970 1319 2007 tui
1354 1973 1473 2020 atque
1509 1970 1714 2020 pontificis,

131 2026 265 2060 contra
285 2023 415 2059 omnia
433 2023 594 2060 adversa
611 2023 845 2060 muniamur.

209 2075 355 2113 Eodem
374 2076 435 2113 die
453 2083 672 2114 sanctorum
690 2076 920 2114 Felicissimi
939 2082 971 2114 et
990 2076 1160 2126 Agyapiti.

211 2129 329 2177 Deus,
352 2131 420 2179 qui
438 2143 508 2167 nos
530 2130 706 2168 concedis
733 2134 952 2167 sanctorum
984 2135 1202 2180 martyrum
1230 2135 1389 2168 tuorum
1420 2131 1652 2168 Felicissimi
1680 2136 1718 2168 et

132 2183 295 2233 Agapiti
331 2184 513 2220 natalitia
548 2184 695 2231 colere3
736 2184 785 2220 da
821 2184 933 2220 nobis
970 2185 1011 2220 in
1050 2189 1195 2222 aeterna
1230 2185 1474 2222 beatitudine
1506 2186 1553 2223 de
1586 2199 1717 2223 eorum

132 2238 314 2274 societate
332 2238 508 2287 gaudere.
567 2238 653 2275 Per.
710 2237 791 2275 Sul)
810 2251 893 2275 una
912 2238 1155 2276 conclusione.

213 2291 402 2329 Memoria
422 2292 468 2328 cle
485 2297 615 2329 sancto
634 2292 757 2329 Petro.

213 2344 398 2394 Epistola.
456 2345 484 2382 J
486 2349 664 2382 ustorum
683 2346 832 2384 animae.

217 2398 394 2436 Gradale.
453 2399 677 2436 Sacerdotes
697 2400 789 2449 ejus.

214 2452 412 2502 Alleluya.
476 2453 514 2491 V.
546 2453 721 2502 Diposui.

214 2506 482 2555 Evanyelium.
539 2507 639 2544 Ecce
657 2520 726 2556 ego
745 2506 862 2544 mitto
880 2520 960 2545 vos.

217 2559 470 2608 Offertorium.
529 2560 727 2598 Mirabihs
745 2561 865 2599 Deus.

215 2612 374 2652 Secreta.

220 2667 427 2705 Sacrificiis
456 2668 722 2717 praesentibus,
745 2668 927 2714 Domine,
949 2681 1181 2719 quaesumus,
1209 2670 1371 2708 intende
1392 2670 1581 2720 placat11S,
1610 2673 1657 2706 ut
1684 2673 1723 2706 et

137 2721 336 2760 devotioni
353 2725 498 2758 nostrae
517 2723 722 2772 proficiant
740 2727 780 2760 et
799 2723 929 2760 saluti,

216 2774 310 2812 Alia
327 2774 476 2813 Secreta
494 2776 563 2813 sub
582 2777 711 2814 eadem
730 2777 974 2814 conclusione.

217 2828 387 2866 Munera
404 2829 492 2876 tibi,
513 2830 694 2877 Domine,
717 2834 860 2868 nostrae
879 2831 1097 2868 devotionis
1123 2832 1332 2879 offerimus,
1353 2845 1439 2882 quae
1466 2845 1536 2882 pro
1564 2836 1722 2868 tuorum

138 2881 214 2919 tibi
227 2886 338 2930 grata
352 2883 433 2920 sint
446 2883 592 2922 honore
605 2885 804 2934 justorum
818 2888 858 2922 et
870 2885 982 2922 nobis
997 2886 1194 2933 salutaria,
1207 2890 1247 2924 te
1261 2887 1482 2933 miserante,
1495 2886 1720 2923 reddantur.

140 2934 218 2973 Per
235 2935 459 2974 Dominum.
