1979 3348
1621 219 1672 259 gg

1677 220 1699 257 0¹

826 217 984 259 Prosoe.

116 328 179 365 Ne
196 340 349 377 paveas,
368 327 502 365 divina
521 328 611 378 quia
631 328 738 377 prole
757 327 947 364 laetaberis
967 331 1005 363 te
1024 326 1105 363 fore
1123 326 1323 376 gravidam
1343 339 1350 362 ε

117 382 362 430 Quapropter
379 386 419 418 et
437 386 481 418 tu
502 382 581 418 sola
601 382 704 418 inter
723 386 881 418 cunctas
896 381 1077 417 mulieres
1096 384 1221 416 mater
1238 379 1453 416 benedicta.

118 434 286 484 Magnus
313 435 376 471 hic
403 435 479 472 erit
505 435 622 472 Jesus
650 435 774 471 Filius
803 435 954 471 Summi
985 434 1025 470 in
1046 434 1178 470 throni
1197 433 1362 470 Davidis
1380 432 1514 482 gloria,
1535 436 1574 469 et
1591 434 1699 482 regni

221 492 325 525 meta.
343 488 463 538 ipsius
482 502 560 524 non
579 489 655 525 erit
673 488 813 537 aliqua.

116 541 214 578 Mox
233 541 281 578 ad
300 541 381 578 haec
400 542 503 579 dicta
521 555 661 591 parans
686 541 841 578 credula
865 541 980 578 corda
1004 541 1173 590 concipis
1198 540 1413 577 Dominum
1431 539 1620 577 Sabaoth:
1647 540 1699 576 sie

220 594 397 632 Verbum
416 609 503 632 caro
521 596 666 632 factum
686 600 744 632 est
762 608 810 631 ex
830 599 880 641 te,
901 595 1010 643 virgo
1030 608 1146 632 sacra.

115 648 168 684 Te
186 661 275 698 ergo
294 649 470 698 petimus,
493 649 620 698 ipsum
640 661 708 698 pro
728 649 838 684 nobis
858 649 994 698 rogita,

116 701 248 739 Salvet
266 706 312 739 ut
330 715 400 739 nos
414 716 483 751 per
501 702 632 739 omnia
650 702 798 739 saecula.

804 838 1021 876 XXXIII.

310 926 434 963 Prosa
452 925 506 962 ad
521 924 726 974 Sequentia
746 936 799 962 DE
818 936 966 962 SANcro
988 924 1216 975 (GERMANO,
1240 924 1503 974 PAR1smNSI).

344 1011 531 1061 Alleluya
545 1012 598 1049 ad
614 1012 814 1062 Angelica.

273 1077 463 1114 CARDIDA
482 1088 624 1115 CONCIO
644 1089 769 1114 MELOS
789 1088 993 1115 CONCREPA

270 1131 483 1167 Tinnulum
497 1132 665 1181 jungens
685 1144 838 1180 organo.

271 1184 509 1222 Germanum
528 1185 717 1221 resultent
735 1190 859 1222 castra
878 1185 1026 1234 liquida
1045 1198 1182 1221 sonora
1201 1184 1440 1234 symphonia,

270 1238 446 1275 Artificis
465 1238 610 1287 plectro
629 1239 754 1288 perita
773 1239 1009 1288 syllabarum
1029 1239 1218 1287 stringere
1238 1243 1458 1287 pneumata.

271 1291 459 1328 Fluxerat
481 1292 674 1341 quondam
696 1305 808 1342 sopor
826 1293 1007 1329 immanis
1027 1293 1200 1341 praesulis
1218 1292 1317 1328 fessa
1336 1305 1405 1341 per
1423 1293 1595 1328 membra
1613 1307 1620 1328 :

271 1345 345 1382 Oui
364 1346 538 1395 praebens
557 1359 662 1382 sacra
683 1346 861 1383 Christus
880 1347 1022 1383 viatica
1041 1346 1179 1382 intulit
1197 1350 1308 1395 grata
1326 1346 1480 1382 famina.

271 1398 369 1436 Care
396 1399 489 1448 quid
517 1400 698 1437 haesitas?
716 1413 795 1436 non
820 1404 879 1437 est
898 1400 1000 1449 quod
1020 1405 1183 1445 metuam,
1208 1400 1358 1436 dulcem
1383 1412 1474 1435 mox
1504 1399 1698 1448 petiturus

375 1453 552 1502 patriam.

271 1506 325 1543 Te
344 1510 509 1555 poscunt
527 1507 652 1543 sidera
670 1508 794 1544 civem
813 1508 859 1544 ad
881 1521 1029 1557 supera,
1053 1521 1129 1556 qua
1148 1511 1309 1543 manent
1329 1507 1411 1543 sine
1431 1507 1508 1543 fine
1526 1507 1676 1556 gaudia.

272 1559 379 1596 Diva
392 1561 540 1597 monita
559 1574 684 1598 comes
704 1562 861 1611 excipit,
885 1562 1110 1611 aegrimonia
1130 1561 1302 1597 membra
1322 1573 1481 1609 carpens
1501 1557 1696 1610 languidass

271 1613 348 1650 Die
367 1614 531 1663 septima
549 1627 686 1664 supera
705 1615 777 1652 celi
796 1628 958 1664 sequens
977 1628 1150 1652 convexa
1170 1614 1265 1651 felix
1284 1614 1437 1650 scandit
1456 1615 1596 1651 anima.

271 1666 465 1704 Plaudens
485 1667 611 1704 Gallia
630 1668 747 1705 funus
766 1669 922 1718 excipit,
940 1682 983 1705 ac
1002 1669 1150 1717 inclyta
1169 1672 1298 1705 servat
1317 1669 1359 1703 in
1378 1668 1484 1704 aula:

271 1719 393 1770 Cujus
411 1734 480 1770 per
499 1734 614 1767 sacra,
638 1722 804 1769 Christe,
825 1723 1008 1772 suffragia
1026 1727 1159 1758 nostra
1177 1722 1352 1771 guberna
1370 1725 1556 1771 tempora.

271 1774 400 1812 Amen
421 1775 552 1812 dicant
570 1776 708 1812 omnia.

801 1906 1010 1944 XXXIV.

511 1993 576 2029 DE
603 2004 779 2031 nummis
808 1993 975 2030 SANoris
995 1992 1093 2042 (ad)
1113 1992 1296 2029 Pretiosa.

193 2074 386 2123 Alleluya.

117 2138 288 2176 GAUDET
307 2149 486 2176 CLEMENS
506 2138 697 2176 DOMINUS
715 2151 829 2187 super
847 2138 1001 2187 agmina
1020 2150 1135 2175 sacra.

116 2192 280 2240 Christe,
302 2197 369 2229 tua
387 2193 542 2242 agmina
554 2193 727 2242 jubilant
746 2204 837 2228 voce
856 2193 958 2228 clara

115 2246 278 2293 Laudes,
298 2259 368 2295 per
384 2259 488 2293 arva,
507 2250 664 2295 propter
682 2259 776 2295 quas
791 2245 918 2282 caelica
935 2245 1092 2282 valeant
1110 2244 1284 2282 obtinere
1303 2243 1463 2294 gaudia:

117 2299 261 2337 Laudis
280 2300 384 2337 enim
403 2313 489 2337 cum
517 2300 638 2349 gloria

114 2353 144 2390 J
144 2366 208 2391 am
230 2366 333 2390 nune
352 2354 537 2390 intonant
554 2353 745 2403 praeconia
763 2356 984 2389 sanctorum
998 2352 1163 2402 agmina.

112 2406 234 2444 Astra
260 2420 375 2456 super
393 2412 433 2444 et
451 2420 546 2444 arva.
564 2407 678 2452 infra,
699 2411 870 2456 sataque,
892 2419 1042 2443 necnon
1061 2406 1140 2443 alta
1159 2406 1277 2443 maris
1296 2405 1518 2442 habitacula

115 2461 143 2498 J
145 2460 273 2510 ugiter
290 2464 429 2497 extant
446 2460 561 2510 digne

116 2514 316 2551 Christum
334 2514 535 2551 dominum
554 2513 755 2551 laudantia
768 2527 837 2563 per
855 2513 995 2550 saecula
1013 2513 1144 2550 omnia
1159 2528 1165 2550 ι

116 2567 202 2613 Qua
220 2568 303 2605 sine
321 2568 397 2604 fine
416 2572 529 2617 parat
547 2568 689 2605 sanctis
708 2568 815 2604 sedes
833 2568 964 2612 almas,
986 2572 1119 2603 nostra
1137 2571 1293 2603 caterva
1311 2567 1373 2603 cui
1392 2566 1519 2603 reddit
1537 2566 1692 2615 gratias.

114 2621 219 2671 Ergo
238 2621 328 2658 fidei
346 2635 440 2658 vera
458 2635 594 2658 norma
612 2622 816 2658 antecedat
835 2634 878 2657 ac
898 2625 1184 2669 consequantur
1203 2620 1407 2669 Olympica
1425 2620 1554 2656 studia
1567 2633 1577 2666 3

116 2674 192 2712 Per
209 2688 295 2724 quae
321 2675 421 2724 regis
448 2675 638 2724 angelici⁷'·²
665 2675 920 2724 percipiamus
948 2674 1140 2723 suffragia,
1161 2687 1230 2711 nec
1249 2674 1403 2711 differat
1430 2674 1564 2723 largiri
1585 2674 1696 2711 nobis

222 2729 530 2778 impensissima†
549 2728 756 2765 clementia

118 2781 243 2819 Nobis
262 2782 499 2831 angelicam*
514 2783 637 2819 vitam
653 2795 661 2819 ε

116 2834 236 2885 Cujus
271 2849 378 2873 sacra
413 2836 580 2873 rutilant
616 2836 728 2883 dona,
763 2835 901 2885 queis‡
939 2838 1092 2872 aeternae
1128 2835 1221 2873 vitae
1254 2835 1526 2884 consequimur
1556 2847 1695 2885 magna

223 2901 392 2937 praemia.

234 2966 249 2979 ¹*
269 2965 527 3003 las—angelica.
759 2965 777 3003 ἦ·
796 2965 1102 3004 MS.-impensima.
1347 2967 1365 3004 ‡
1387 2965 1578 3004 lats—quis.
