1979 3348
180 720 208 758 I
208 726 279 758 tem
297 718 341 757 de
360 718 548 768 apostolis.

613 234 858 290 Sequentioe
891 233 1162 277 Communes.

578 345 719 395 Sicque
738 359 817 382 una
837 345 933 381 urbe
952 348 1118 380 mortem

579 399 672 436 Una
692 400 754 436 die
775 399 885 448 passi,
907 402 1053 435 sortem

631 453 694 489 Ad
716 454 915 502 justorum
935 453 1189 488 transmeant.

579 506 657 551 Qui
677 507 867 543 malorum
888 519 958 542 nos
978 508 1153 542 exsortes

578 561 657 597 Sua
676 573 785 609 prece
805 564 844 596 et
864 563 1060 596 consortes

633 614 846 650 Beatorum
860 613 1016 650 faciant.

606 716 821 766 Sequentia.

582 779 672 816 Hac
690 779 730 815 in
752 779 814 815 die
833 777 1026 815 recolatur

583 833 743 870 Summa
763 845 850 869 cum
870 831 1012 868 laetitia

584 886 720 923 Sancti
741 886 851 922 Petri
870 890 987 934 atque
1008 882 1125 921 Pauli

637 939 808 977 Celebris
827 939 1023 976 memoria.

582 1004 839 1041 Exsultantes
858 1015 1091 1040 veneremur

582 1059 730 1095 Eorum
751 1058 943 1103 natalitia,

584 1113 689 1157 Quos
709 1125 842 1149 cursus
863 1113 952 1148 vitae
972 1110 1091 1160 hujus

637 1166 748 1202 Finit
769 1179 837 1215 per
855 1165 1054 1214 martyria.

583 1231 726 1267 Petrus
745 1243 898 1267 crucem
918 1228 1129 1274 subeundo,

584 1285 731 1321 Paulus
751 1285 852 1321 ensis
865 1284 1015 1333 jugulo,

584 1339 666 1375 Sub
686 1338 844 1375 Nerone
864 1338 978 1374 ambo
997 1336 1112 1386 passi,

638 1392 777 1442 Regna
796 1392 990 1428 scandunt
1010 1390 1150 1428 caelica.

584 1457 693 1494 Hinc
712 1457 880 1493 lucernae
900 1455 1048 1492 mundo
1067 1455 1226 1501 lucent;

585 1511 676 1547 Duo
695 1515 788 1547 sunt
808 1510 1049 1555 candelabra,

586 1564 737 1609 Quibus
755 1569 888 1601 noster
907 1564 1047 1600 chorus
1066 1574 1187 1599 ovans

639 1619 783 1656 Libens
802 1618 945 1667 psallat
964 1617 1125 1654 cantica.

585 1684 850 1721 Oouvicerunt
868 1682 1104 1733 disputando

585 1738 769 1787 Nequam
789 1751 945 1786 magum
967 1737 1176 1781 Simonem,

585 1792 640 1829 Et
658 1792 804 1828 orando
824 1794 1076 1828 retraxerunt

639 1846 851 1882 Volantem
872 1859 941 1895 per
960 1857 1099 1881 aerem.

586 1910 688 1947 Ruit
708 1923 810 1960 ergo,
833 1914 872 1947 et
891 1910 1053 1947 collisus

586 1965 796 2001 Adunavit
815 1964 974 2010 silicem,

588 2019 712 2055 Orcus
731 2023 845 2055 vorat
864 2024 982 2067 atque
1001 2022 1112 2054 tenet

642 2073 807 2121 Magum
826 2071 1117 2108 exsecrabilem.

587 2137 696 2174 Nero
716 2137 884 2173 fremens
903 2136 1140 2173 furibundus

586 2191 718 2228 Ardet
736 2191 943 2240 plusquam
962 2189 1089 2227 facula
1106 2203 1117 2236 ς

586 2245 615 2282 J
618 2245 712 2281 ubet
732 2244 895 2281 Petrum
915 2244 1100 2293 crucifigi,

641 2298 811 2335 Paulum
831 2299 915 2334 dira
934 2298 1089 2334 framea.

587 2364 698 2402 Ferit
716 2365 832 2401 lictor
850 2364 892 2400 in
910 2366 1122 2410 momento,

588 2419 727 2468 Sicque
747 2432 816 2468 per
835 2418 1026 2467 martyria

588 2472 791 2509 Scandunt
811 2471 921 2509 caelos
940 2470 1099 2521 gloriosi

643 2526 761 2563 Pares
779 2526 865 2575 pari
882 2526 1016 2575 gloria.

589 2592 832 2629 Assistentes
851 2591 959 2628 laudi
978 2591 1116 2628 horum

589 2646 666 2683 Dei
679 2647 795 2695 juvet
812 2646 950 2695 gratia,

590 2700 645 2737 Et
663 2699 817 2748 adjutos
837 2712 906 2735 nos
926 2698 1114 2748 perducat

645 2754 712 2790 Ad
731 2753 906 2802 polorum
927 2752 1080 2802 gaudia,

590 2818 677 2856 Ubi
696 2818 820 2855 saneti
839 2818 1059 2867 gloriantur

591 2873 644 2910 In
664 2872 808 2909 caelesti
829 2873 956 2921 patria
973 2885 981 2908 :

596 2927 657 2964 Sit
676 2932 905 2963 cunctorum
924 2925 1089 2963 creatori

649 2983 766 3027 Laus,
787 2982 914 3028 decus,
936 2985 975 3018 et
994 2979 1130 3030 gratia.

1609 229 1689 269 199
