1979 3348
774 223 928 265 Prosoe.
1561 225 1611 264 31
1619 226 1642 262 5

164 331 360 381 Angelicis
378 332 598 381 agminibus
616 336 747 382 pastor
765 333 889 370 bonus
909 334 1149 370 constituens
1168 335 1282 371 socia.

166 362 424 435 Quapropter?
426 386 572 435 hujus'
562 400 605 422 ln
623 387 736 424 laude
757 389 953 437 pangite„
932 391 1064 424 <rentes
1083 400 1168 424 cum
1189 387 1342 437 populis
1356 386 1604 436 ]υἲ)ἰ1ῑ1ωἱη,ι,

164 437 294 488 Ipsius
312 452 445 476 cruore
463 453 569 477 sacro
586 440 797 490 redemptis
815 441 951 477 mortis
971 455 994 477 a
1012 441 1168 478 vinculo
1187 442 1270 478 vita
1290 441 1441 478 reddita

163 491 215 528 In
233 492 313 541 poli
331 493 442 530 aula:

163 545 249 583 Ubi
266 547 412 595 pariter
430 547 609 583 laetemur
628 561 778 597 semper
797 561 881 585 cum
904 549 1041 584 ovibus
1060 548 1108 585 ad
1129 548 1260 584 Patris
1280 548 1489 592 dexteram,

165 598 264 636 Cum
283 600 462 637 examine
481 613 662 650 supremo
675 602 799 650 judex
813 602 1006 650 judicabit
1026 607 1164 638 cuncta
1183 602 1323 638 saecula

162 652 348 689 Flammis
366 659 531 703 purgata

163 705 288 744 Simul
307 712 489 744 resonent
507 709 717 757 redempta,
739 709 838 745 Fiat.

746 837 947 873 LXXXI.

686 919 815 955 FERIA
844 931 996 956 TERTIA.

240 971 429 1022 Alleluya„

161 1038 240 1074 Dio
267 1048 381 1074 nonis
410 1048 500 1080 QUAE
529 1048 630 1074 SUNT
658 1037 812 1074 aetheris
831 1050 942 1082 nova,
964 1038 1048 1074 vide
1066 1051 1187 1087 supra
1208 1037 1297 1088 (vol.
1320 1037 1343 1073 i.
1367 1050 1403 1086 p.
1428 1036 1530 1087 135).

732 1165 956 1202 LXXXII.

370 1253 517 1302 (Prosa
536 1254 614 1302 ad)
633 1253 837 1301 Sequentia
857 1253 1006 1290 Pascha
1025 1258 1203 1290 nostrum
1229 1253 1417 1290 Christus.

291 1317 497 1354 CONCINAT
516 1329 630 1355 omns
651 1329 840 1363 CUNCTUS,
862 1324 906 1354 ut
925 1332 1046 1367 supra
1067 1318 1158 1368 (vol.
1181 1318 1204 1355 i.
1226 1331 1261 1367 p.
1288 1318 1388 1369 130).

714 1458 962 1494 LXXXIII.

583 1539 647 1575 Dr:
676 1550 825 1576 sANcro
855 1540 1099 1577 BENEDICTO.

49 1618 197 1657 Simon
225 1630 379 1656 MEm'rA
407 1620 633 1657 BENEmom
653 1620 812 1669 inclyta,

54 1672 238 1710 Verendae
257 1673 474 1710 sanctitatis
492 1686 536 1710 ac
555 1673 832 1710 monachorum
852 1674 1038 1723 praesulis,

48 1726 125 1764 Pro
143 1740 253 1776 posse
272 1730 388 1776 atque
406 1740 517 1763 nosse
545 1739 687 1776 organa
705 1732 840 1764 nostra
858 1732 1100 1776 concrepent.

47 1780 196 1817 Nursia
214 1780 309 1817 felix
328 1780 422 1817 tulit
440 1785 578 1817 natum
597 1781 775 1830 genetrix
795 1794 804 1827 3

48 1833 219 1870 Domina
238 1834 373 1870 mundi
393 1834 521 1870 Roma
538 1834 645 1871 fovet
663 1834 810 1871 alitrix.

47 1887 127 1924 Hic
147 1900 236 1937 ergo
253 1892 475 1937 praeventus
494 1888 622 1937 opimo
643 1888 775 1925 Sancti
796 1888 963 1938 Spiritus
982 1888 1083 1924 dono

47 1941 230 1991 Sophiam
249 1942 424 1990 despexit
442 1942 664 1987 humanam,
686 1947 824 1978 nactus
844 1946 903 1978 est
921 1942 1142 1991 angelicam.

47 1994 110 2032 Sic
129 1995 204 2032 fide
224 1996 412 2031 subnixus
432 1996 584 2045 integra
601 1995 884 2045 redintegravit
904 1995 1100 2032 confracta
1117 2009 1127 2041 3

47 2048 234 2085 Incendia
251 2049 377 2085 carnis
396 2049 550 2085 edomat
567 2062 577 2095 3
611 2062 722 2085 cruce
741 2062 936 2085 venenum
955 2050 1100 2098 effugat
1117 2063 1126 2094 3

47 2102 168 2152 Vagae
188 2103 332 2139 mentis
351 2102 581 2139 monachum
600 2106 754 2151 reparat
770 2116 779 2149 3
813 2103 961 2139 sontem
980 2102 1126 2139 rivulat
1144 2116 1153 2148 3

47 2155 144 2204 Ejus
157 2157 266 2205 jussa
284 2156 330 2193 de
349 2156 422 2193 laci
441 2156 573 2193 abdito
592 2156 737 2192 ferrum
757 2160 890 2193 enatat
906 2170 916 2202 3

47 2209 272 2259 Discipulus
291 2223 405 2259 super
423 2223 541 2259 aquas
561 2210 669 2246 siccis
688 2210 849 2259 pedibus
868 2210 990 2246 currit
1006 2223 1016 2256 3
1050 2222 1188 2246 corvus
1207 2209 1435 2246 mandatum
1453 2211 1603 2260 peragit
1620 2223 1629 2256 3

47 2263 253 2312 Ingentem
273 2263 427 2313 laevigat
445 2268 607 2313 petram3
624 2264 791 2300 fratrum
806 2268 962 2300 revocat
981 2263 1109 2300 oculos
1123 2263 1206 2312 jam
1225 2263 1377 2300 delusos
1396 2264 1550 2312 ignibus
1564 2278 1574 2310 3

47 2316 216 2366 Lapsum
235 2318 467 2354 monachum
486 2331 555 2366 per
573 2318 746 2354 membra
765 2318 905 2354 tritum
920 2330 989 2354 sua
1003 2330 1114 2367 prece
1133 2317 1336 2353 redonavit
1354 2318 1510 2364 animae3

47 2369 212 2420 Culpam
231 2371 401 2420 prodidit
419 2372 646 2420 praesumpti
664 2371 752 2417 cibi,
776 2376 816 2408 et
833 2371 1026 2420 hospitem
1045 2375 1157 2407 notat
1176 2371 1288 2421 culpa
1307 2371 1424 2408 simili
1441 2384 1451 2418 3

46 2423 192 2461 Perfidi
210 2425 309 2474 regis
328 2425 639 2462 machinamenta
657 2438 776 2474 sagax
795 2425 968 2462 denudat
978 2439 990 2472 3

46 2477 212 2515 Praescia
230 2483 359 2515 mente
378 2479 509 2515 debito
528 2479 673 2515 talione
691 2479 912 2528 pessumdat
927 2492 937 2525 3

48 2531 125 2576 Qui
143 2532 325 2569 clericum
343 2532 454 2569 hoste
473 2546 678 2582 pervasum
696 2533 837 2569 liberat
856 2538 895 2569 et
914 2536 1080 2569 ventura
1098 2533 1257 2569 nuntiat
1274 2547 1282 2579 3

48 2585 125 2629 Qui
143 2590 329 2623 secretam
348 2587 504 2635 superbi
522 2590 692 2623 mentem
711 2587 887 2636 increpat
906 2590 1022 2635 atque
1042 2586 1182 2623 famem
1201 2587 1359 2637 mitigat
1376 2600 1385 2633 3

46 2638 179 2676 Verbo
197 2653 310 2676 carne
329 2640 475 2677 solutas
492 2640 589 2689 ligat
601 2641 686 2689 jam
704 2641 864 2686 animas,
885 2641 952 2677 sed
970 2640 1138 2677 absolvit
1156 2654 1255 2690 pane
1274 2641 1447 2690 mystico.

47 2692 188 2729 Cautes
206 2694 350 2743 absque
361 2694 504 2743 periclo
523 2698 680 2730 servant
692 2708 760 2731 vas
772 2695 954 2739 vitreum,
970 2694 1052 2744 ipse
1070 2707 1245 2743 pressum
1265 2695 1415 2745 plangit
1429 2694 1624 2731 aemulum.

47 2746 136 2782 Solo
154 2748 310 2784 nomine
335 2747 518 2784 enodavit
535 2748 725 2784 rusticum
740 2761 749 2794 3

46 2799 121 2836 Sed
140 2801 310 2838 oramine
324 2801 408 2850 jam
426 2801 643 2838 extinctum
662 2801 798 2839 rustici
817 2801 1021 2839 suscitavit
1040 2801 1174 2839 filium.

46 2852 136 2901 Ipse
155 2854 324 2891 animam
344 2855 520 2904 Capuani
538 2855 713 2904 praesulis

46 2906 164 2944 Vidit
182 2907 328 2945 lumine
346 2908 502 2945 insolito
521 2909 698 2958 supernis
716 2909 918 2959 importari
938 2909 1102 2955 sedibus,

47 2960 134 3005 Qua
152 2961 232 3011 ipse
249 2961 435 3011 gloriosus
453 2962 681 3012 triumphat.
