1979 3348
268 210 350 250 243
980 209 1159 264 Kgyries.

1017 337 1113 375 XV.

890 406 1043 454 PATER,
1075 417 1245 446 CUNCTA.

969 476 987 513 ζ
984 475 1017 503 II
1015 484 1063 514 cre
1064 475 1161 513 ford.)

693 532 821 578 Pater,
844 535 985 568 cuncta
1004 532 1072 582 qui
1091 533 1295 581 gubernas,
1319 533 1485 581 eleyson.

696 585 840 622 Sedens
859 586 966 623 sedes
985 586 1028 622 in
1047 586 1237 635 supernis,
1259 586 1426 635 eleyson.

695 639 855 677 Placido
875 653 945 676 nos
964 639 1079 676 vultu
1099 652 1243 686 cernas,
1266 639 1432 688 eleyson.

696 693 730 730 O
751 693 918 738 Christe,
939 693 1104 730 verbum
1123 693 1267 740 Patris,
1288 694 1455 744 eleyson.

693 747 860 784 Intactae
880 747 936 784 fili
955 747 1105 793 matris,
1124 747 1291 797 eleyson.

695 801 883 838 Tenebris
902 814 951 838 ne
971 801 1109 838 demur
1132 801 1240 847 atris,
1263 801 1430 850 eleyson.

696 855 762 891 Ab
780 859 947 904 utroque
966 855 1118 904 spirans
1137 855 1312 900 Flamen,
1334 855 1500 904 eleyson.

696 908 934 946 Miserorum
954 909 1211 956 consolamen,
1234 909 1399 958 eleyson.

692 962 948 1000 Peccatorum
969 963 1065 1000 dans
1084 963 1276 1009 levamen,
1298 963 1467 1012 eleyson.

1000 1074 1123 1111 XVI.

913 1144 1061 1182 SUMME
1091 1143 1217 1181 Dnns.

969 1212 1164 1252 (IIerqford.)

585 1271 744 1308 Summe
764 1270 884 1318 Deus,
906 1271 974 1320 qui
994 1274 1135 1308 cuncta
1154 1283 1270 1316 creas,
1292 1270 1460 1320 eleyson.

585 1325 663 1369 Qui
682 1325 784 1374 regis
803 1338 909 1362 arces
929 1324 1126 1371 aethereas,
1149 1324 1314 1373 eleyson.

583 1379 667 1416 Nos
685 1379 837 1428 placido
856 1379 974 1415 vultu
992 1379 1136 1421 videas,
1160 1378 1326 1427 eleyson.

584 1433 645 1469 Tu
665 1433 833 1480 Christe,
856 1432 986 1470 Patris
1006 1432 1219 1482 speculum,
1242 1432 1413 1482 eleyson.

584 1487 662 1531 Qui
681 1487 902 1524 reformasti
921 1487 1118 1533 saeculum,
1140 1486 1308 1534 eleyson.

583 1541 822 1578 Praesentem
835 1542 934 1590 juva
952 1540 1152 1590 populum,
1174 1541 1340 1589 eleyson.

583 1595 662 1640 Qui
680 1595 855 1645 procedis
874 1596 923 1631 ab
943 1600 1110 1644 utroque
1131 1594 1306 1640 Flamen,
1330 1593 1495 1643 eleyson.

584 1648 660 1686 Os÷÷
678 1650 894 1695 amborum,
915 1662 1024 1686 amor
1044 1653 1083 1686 et
1102 1649 1310 1698 spiramen,
1332 1648 1499 1697 eleyson.

581 1703 696 1740 Assis
714 1703 827 1741 nobis
846 1703 933 1752 pius
953 1707 992 1740 et
1011 1703 1194 1748 solamen,
1217 1702 1382 1751 eleyson.

582 1757 836 1794 Peccatorum
855 1757 957 1794 dona
975 1757 1229 1801 medicamen,
1246 1757 1413 1805 eleyson.

504 1892 579 1929 The
604 1893 824 1942 remaining]
849 1892 990 1942 Kyr'z'es
1014 1905 1080 1930 are
1096 1892 1210 1940 from
1233 1891 1319 1929 MS.
1347 1891 1492 1940 Bodley
1519 1890 1607 1930 775.

981 1973 1129 2011 XVII.

782 2044 851 2092 ΤΕ,
883 2044 1075 2090 CHRISTE,
1107 2054 1330 2082 SUPPLICES.

253 2115 318 2161 Te,
341 2114 507 2162 Christe,
529 2116 721 2165 supplices
740 2128 957 2161 exoramus,
980 2115 1252 2164 cunctipotens
1272 2118 1318 2150 ut
1339 2114 1464 2151 nostri
1484 2114 1656 2164 digneris
1670 2115 1837 2165 eleyson.

254 2169 308 2207 Te
328 2170 438 2207 decet
457 2170 542 2207 laus
561 2183 650 2206 cum
669 2169 845 2219 tripudio
858 2170 1011 2219 jugiter
1030 2182 1108 2219 qua
1126 2169 1203 2205 tibi
1222 2169 1393 2218 petimus
1414 2173 1607 2216 canentes,
1630 2170 1796 2218 eleyson.

255 2223 288 2259 O
317 2224 418 2261 bone
450 2237 533 2269 rex,
564 2224 633 2273 qui
665 2236 781 2273 super
813 2228 919 2261 astra
951 2224 1070 2269 sedes,
1102 2226 1141 2259 et
1169 2222 1350 2269 Domine,
1381 2223 1450 2272 qui
1478 2227 1619 2260 cuncta
1646 2224 1849 2274 gubernas,

360 2278 527 2327 eleyson.

253 2331 286 2368 O
307 2331 433 2369 Theos
452 2333 549 2381 agie,
573 2332 681 2369 salva
693 2345 704 2379 3
732 2332 887 2369 vivifice
907 2331 1150 2380 Redemptor
1167 2334 1311 2377 noster,
1333 2330 1499 2379 eleyson.

253 2385 332 2430 Qui
351 2391 499 2423 canunt
518 2390 611 2424 ante
628 2390 678 2433 te,
702 2386 881 2435 precibus
900 2398 1040 2431 annue,
1063 2389 1103 2421 et
1121 2389 1167 2421 tu
1186 2384 1298 2421 nobis
1318 2398 1469 2433 semper
1488 2384 1654 2435 eleyson.

251 2439 336 2476 Tua
354 2440 496 2477 devota
514 2440 624 2490 plebs
643 2440 828 2489 implorat
841 2439 1003 2489 jugiter,
1026 2443 1072 2475 ut
1090 2438 1151 2475 illi
1169 2438 1341 2487 digneris
1361 2438 1528 2487 eleyson.

251 2492 405 2530 C'lamat
423 2494 663 2531 incessanter
680 2507 785 2530 nunc
804 2506 960 2543 quoque
977 2492 1122 2539 concio,
1143 2496 1184 2529 et
1202 2492 1310 2538 dicit,
1332 2492 1499 2542 eleyson.

251 2546 440 2585 Miserere
460 2548 596 2595 nostri,
617 2548 674 2584 fili
693 2548 836 2592 David,
857 2551 903 2584 tu
922 2547 1035 2585 nobis
1054 2546 1222 2596 eleyson.

966 2665 1138 2703 XVIII.

910 2736 962 2773 IN
991 2747 1188 2774 EXOELSIS.

410 2809 462 2845 In
482 2807 642 2845 excelsis
663 2808 747 2844 Deo
767 2820 910 2857 magna
929 2807 981 2844 sit
999 2807 1122 2855 gloria
1142 2810 1289 2843 {eterno
1309 2806 1433 2852 Patri,

410 2862 488 2907 Qui
507 2875 577 2898 nos
595 2862 762 2898 redemit
781 2861 938 2910 proprio
958 2860 1074 2906 Filio,
1094 2864 1140 2897 ut
1159 2860 1379 2897 vivificaret
1399 2860 1446 2897 de
1467 2864 1592 2898 morte
1606 2874 1616 2907 ς

410 2916 596 2953 Dicamus
614 2915 881 2952 indesinenter
899 2928 978 2952 una
997 2927 1091 2951 voce
1110 2927 1253 2961 omneS,
1277 2914 1443 2964 eleyson.

838 3001 854 3015 ³
877 3000 1008 3035 Printed
1029 3000 1284 3029 Missal-“Es.''
