1979 3348
236 253 317 296 174
766 249 871 292 Orat
880 249 997 291 iones
1030 249 1302 292 Communes.

862 387 949 425 PRO
978 387 1212 426 ANTISTITE.

319 443 463 481 Oratio.

317 497 503 543 Concede,
537 508 769 545 quaesumus,
800 494 982 540 Domine,
1011 495 1158 532 famulo
1190 498 1259 532 tuo
1288 495 1460 532 antistiti
1487 500 1632 543 nostro,
1660 500 1707 533 ut
1739 509 1832 546 prae-

236 551 400 588 dicando
429 556 469 588 et
488 550 701 587 exercendo
722 562 808 597 quae
829 553 934 585 recta
953 553 1057 594 sunt,
1087 549 1266 598 exemplo
1285 549 1477 586 bonorum
1505 563 1664 599 operum
1684 550 1833 587 animas

238 618 397 641 suorum
426 605 596 640 instruat
616 602 874 649 subditorum,
898 606 937 639 et
965 607 1119 639 aeternae
1148 603 1473 643 remunerationis
1501 604 1715 641 mercedem
1742 617 1765 640 a
1793 607 1833 641 te

239 659 412 708 piissimo
432 663 585 707 pastore
604 656 804 706 percipiat.
863 656 940 694 Per
959 656 1176 693 Dominum
1194 660 1384 694 nostrum.

320 713 480 750 Secreta.

322 767 492 803 Munera,
524 769 670 812 nostra,
692 777 925 815 quaesuinUS,
949 764 1128 810 Domine,
1160 763 1335 813 placatus
1368 764 1544 811 admitte,
1576 769 1615 801 et
1645 764 1837 801 famulum

239 826 354 859 tuum
374 820 424 857 N.
449 832 598 868 semper
617 824 656 856 et
675 821 820 870 ubique
839 819 902 854 hic
922 817 1224 855 misericorditer
1241 822 1409 867 protege.
1469 818 1546 855 Per
1565 818 1788 855 Dominum.

321 873 641 911 Postcommunio.

322 928 421 965 Haec
441 940 511 964 nos
530 927 763 974 communio,
786 926 966 971 Domine,
988 929 1129 975 purget
1148 940 1171 962 a
1190 925 1362 971 crimine,
1385 929 1424 962 et
1439 925 1630 962 famulum
1648 929 1762 962 tuum
1782 925 1834 963 N.

242 982 463 1021 antistitem·
482 987 660 1018 nostrum
679 986 749 1018 tua
768 993 919 1031 semper
938 980 1106 1029 benigna
1123 980 1270 1029 pietate
1288 979 1450 1017 custodi.
1491 980 1568 1017 Per
1583 979 1809 1017 Dominum.

920 1115 1007 1152 PRO
1036 1115 1165 1153 REGE.

328 1172 472 1209 Oratio.

327 1227 569 1271 Quaesumus,
592 1224 838 1274 omnipotens
866 1222 988 1269 Deus,
1008 1226 1054 1260 ut
1086 1223 1255 1260 famulus
1286 1227 1378 1260 tuus
1408 1237 1479 1261 rex
1511 1228 1654 1271 noster,
1675 1224 1744 1274 qui
1773 1227 1843 1261 tua

202 1294 205 1296 ·
246 1280 496 1317 miseratione
530 1278 699 1327 suscepit
731 1278 841 1326 regni
874 1277 1147 1326 gubernacula,
1177 1277 1373 1313 virtutum
1405 1278 1524 1314 etiam
1557 1279 1732 1314 omnium
1764 1291 1846 1327 per-

247 1335 365 1384 cipiat
384 1334 624 1370 incrementa
642 1346 651 1379 3
681 1332 822 1381 quibus
842 1331 1030 1368 decentur
1050 1335 1220 1378 ornatus,
1239 1335 1279 1367 et
1297 1331 1486 1368 vitiorum
1500 1336 1675 1368 monstra
1687 1332 1844 1377 evitare,

247 1394 287 1425 et
307 1389 457 1424 hostem
478 1399 670 1436 superare,
694 1390 733 1423 et
760 1385 809 1422 ad
835 1389 874 1422 te
894 1385 963 1434 qui
982 1385 1058 1432 via,
1078 1385 1173 1432 vita,
1204 1389 1243 1422 et
1261 1386 1405 1422 veritas
1434 1398 1484 1432 es,
1505 1386 1698 1435 gratiosus
1716 1385 1846 1422 valeat

247 1443 459 1493 pervenire.
519 1441 595 1477 Per
614 1440 830 1477 Dominum
849 1442 1038 1476 nostrum.

328 1496 486 1534 8001015113.

331 1550 511 1596 Munera,
534 1561 764 1598 quaesumus,
787 1547 968 1592 Domine,
991 1546 1122 1583 oblata
1141 1546 1339 1583 sanctifica
1355 1561 1367 1594 3
1395 1551 1442 1584 ut
1461 1550 1500 1584 et
1518 1547 1631 1584 nobis
1652 1546 1848 1597 unigeniti

249 1603 309 1641 tui
337 1617 476 1653 corpus
504 1607 543 1639 et
571 1602 728 1651 sanguis
756 1602 866 1647 fiant,
886 1605 925 1638 et
955 1601 1102 1637 famulo
1131 1604 1201 1637 tuo
1234 1601 1317 1650 regi
1348 1605 1495 1647 nostro,
1515 1602 1563 1638 ad
1596 1601 1844 1638 obtinendam

250 1658 389 1694 animae
423 1657 668 1706 corporisque
701 1655 868 1692 sulutem
902 1659 941 1691 613
972 1655 1021 1691 ad
1054 1655 1315 1704 peragendum
1348 1655 1570 1704 injunctum
1601 1655 1780 1702 officium,
1807 1659 1848 1691 136

251 1712 440 1762 largiente
459 1723 736 1760 usquequaque
755 1709 971 1759 proficiant.
1031 1709 1108 1745 Per
1128 1708 1353 1745 Dominum.

332 1764 653 1802 Postcommunio.

333 1819 444 1866 Haec,
466 1818 646 1864 Domine,
673 1817 817 1854 oblatio
850 1816 1031 1853 salutaris
1063 1816 1254 1852 famulum
1286 1820 1400 1853 tuum
1432 1830 1561 1866 regem
1594 1820 1772 1853 nostrum
1800 1817 1850 1853 ab

254 1874 444 1918 omnibus,
480 1885 712 1922 quaesumus,
745 1874 906 1907 tueatur
937 1870 1120 1915 adversis,
1154 1869 1340 1920 quatinus
1377 1874 1417 1907 et
1449 1871 1713 1907 ecclesiasticae
1746 1871 1851 1920 pacis

244 1928 431 1964 obtineat
459 1926 800 1975 tranquillitatem,
821 1929 861 1961 et
889 1928 977 1973 post
1003 1924 1117 1960 istius
1143 1924 1327 1974 temporis
1355 1924 1561 1961 decursum
1588 1924 1638 1961 ad
1666 1929 1851 1962 aeternam

256 1981 459 2030 perveniat
478 1980 745 2017 hereditatem.
806 1978 882 2015 Per
902 1978 1129 2015 Dominum.

719 2135 805 2172 Psso
833 2135 1163 2172 Achmmscopo
1191 2145 1241 2171 ET
1269 2134 1396 2172 REGE.

341 2192 485 2231 Oratio.

338 2247 460 2295 Rege,
492 2257 726 2295 quaesumuS,
761 2242 941 2289 Domine,
973 2242 1138 2279 famulos
1168 2247 1256 2279 131103
1289 2242 1619 2293 archiepiscopum
1653 2247 1693 2279 et
1725 2256 1854 2293 regem

258 2304 446 2344 nostrum,
468 2303 508 2336 et
527 2297 858 2335 intercedentibus
878 2297 1059 2333 omnibus
1078 2297 1223 2332 sanctis
1241 2296 1330 2343 tuis,
1352 2297 1486 2346 gratiae
1506 2302 1584 2333 tuae
1607 2297 1648 2333 in
1677 2298 1732 2333 eis
1752 2298 1853 2333 dona

258 2354 489 2404 multiplica,
505 2358 551 2389 ut
571 2353 620 2389 ab
636 2351 816 2388 omnibus
831 2350 944 2386 liberi
956 2350 1122 2395 offensis,
1143 2354 1182 2386 et
1200 2350 1477 2399 tempora-libus
1497 2364 1575 2387 non
1590 2351 1855 2387 destituantur

260 2409 430 2454 auxiliis,
452 2411 492 2444 et
511 2405 755 2456 sempiternis
774 2404 968 2455 gaudeant
988 2404 1190 2441 institutis.
1250 2404 1326 2440 Per
1346 2404 1572 2441 Dominum.

341 2462 498 2499 Secreta.

341 2516 512 2564 Suscipe,
541 2513 723 2560 Domine,
755 2525 897 2549 munus
925 2511 1099 2548 oblatum
1130 2511 1215 2558 tibi,
1247 2515 1286 2548 et
1314 2511 1643 2548 intercedentibus
1676 2512 1856 2549 omnibus

262 2570 406 2607 sanctis
435 2569 527 2613 tuis,
549 2580 732 2604 conserva
769 2566 934 2603 famulos
966 2570 1054 2602 tuos
1083 2565 1133 2602 N.
1166 2568 1205 2601 et
1233 2565 1298 2612 N.,
1319 2570 1436 2614 atque
1465 2566 1513 2602 ab
1547 2566 1726 2602 omnibus
1760 2579 1855 2616 quas

262 2627 462 2660 merentur
494 2621 797 2658 adversitatibus
829 2620 945 2657 redde
982 2632 1134 2656 securos
1151 2632 1160 2665 3
1203 2623 1248 2655 013
1281 2619 1566 2668 tranquillitate
1600 2624 1778 2669 percepta
1806 2621 1856 2656 ab

264 2677 443 2714 omnibus
472 2675 687 2711 visibilium
721 2678 761 2711 et
792 2673 1050 2710 invisibilium
1081 2673 1233 2709 insidiis
1258 2673 1422 2720 liberati,
1456 2672 1595 2709 devota
1623 2674 1698 2710 tibi
1726 2678 1856 2710 mente

264 2731 496 2768 deserviant.
556 2729 633 2765 Per
653 2728 878 2765 Dominum.

344 2783 663 2822 Posccomnwnio.

349 2838 550 2887 Subjectos
571 2836 643 2872 tibi
667 2836 832 2872 famulos
852 2839 941 2871 tuos
968 2833 1297 2883 archiepiscopum
1325 2837 1364 2870 et
1391 2846 1519 2883 regem
1547 2838 1737 2882 nostrum,
1758 2848 1858 2884 quae-

266 2905 410 2937 sumus,
430 2891 610 2935 Domine,
623 2889 955 2926 intercedentibus
974 2888 1155 2925 omnibus
1183 2887 1325 2924 sanctis
1344 2887 1434 2934 tuis,
1453 2888 1678 2937 propitiatio
1698 2889 1858 2926 eaelestis

266 2946 486 2995 amplificet,
508 2949 554 2981 ut
593 2948 632 2980 et
663 2943 862 2991 przescntis
888 2943 979 2979 vite
1009 2942 1190 2991 periculis
1218 2945 1424 2988 exuantur,
1456 2946 1496 2978 et
1524 2943 1719 2992 perpetuis
1747 2943 1857 2980 donis

268 3003 490 3044 firmentur„
541 2997 617 3035 Per
636 2996 860 3034 Dominum.
