1979 3348
243 215 323 253 184
776 213 916 255 „mssa
942 227 1028 268 pro
1059 214 1300 270 quzmctis.

326 321 582 370 Offirtorz'um.

327 376 497 414 Domine
525 377 624 414 Jesu
654 377 820 423 Christe,
850 390 922 414 rex
954 377 1098 427 gloriae,
1130 378 1253 415 libera
1280 379 1431 416 animas
1459 379 1635 416 omnium
1664 378 1839 416 fidelium

245 430 518 467 defunctorum
549 431 596 467 de
629 444 748 467 manu
779 431 925 467 inferni
953 435 993 468 et
1022 431 1070 467 cle
1094 432 1287 480 profundo
1311 433 1425 470 lacu:
1455 433 1578 470 libera
1608 447 1671 470 eas
1697 433 1744 469 de
1773 445 1839 469 ore

246 485 380 530 leonis,
401 498 450 521 ne
469 485 674 521 absorbeat
694 498 757 521 eas
786 489 971 532 tartarus,
1000 498 1049 521 ne
1064 486 1206 522 cadant
1224 486 1267 522 111
1287 487 1448 523 obscura
1467 488 1718 524 tenebrarum
1736 486 1838 524 loca:

244 538 311 575 sed
339 538 499 587 signifer
527 543 683 575 sanctus
713 538 886 575 Michael
914 543 1166 588 repraesentet
1185 553 1248 577 eas
1276 540 1319 576 111
1351 541 1478 577 11106111
1505 545 1691 587 sanctam,
1723 553 1840 590 quam

246 592 341 629 olim
360 592 533 628 Abrahae
554 592 771 641 promisisti
790 596 830 628 et
849 592 988 629 semini
1008 593 1100 642 ejus.

327 656 511 694 Sacerdos
530 658 582 693 (cd
602 657 725 693 altare
747 656 919 705 incipiat.

329 710 493 747 Hostias
513 715 552 747 et
571 724 702 760 preces
722 710 808 756 tibi,
830 710 1012 756 Domine,
1034 710 1241 748 offerimus.

329 770 494 823 [Chorus
508 770 798 824 prosequatur]

328 836 387 873 Tu
417 836 566 886 suscipe
600 849 669 886 pro
704 836 908 873 animabus
942 836 1020 874 illis
1049 850 1215 886 quarum
1244 837 1359 874 hodie
1397 838 1621 874 memoriam
1662 836 1843 886 agimus:

249 891 308 927 fac
341 904 416 936 eas,
452 891 632 938 Domine,
669 891 716 927 de
750 896 875 927 morte
904 891 1072 928 transire
1102 891 1151 928 ad
1184 891 1317 928 vitam.
1390 892 1518 936 Quam
1547 892 1640 928 olim
1673 890 1845 927 Abrahae

250 944 474 994 promisisti.

332 1009 553 1057 IVzmquam
586 1015 767 1045 cantatur
796 1009 830 1045 O
864 1009 937 1058 pie,
959 1023 1035 1057 pro
1068 1022 1220 1058 corpore
1254 1010 1444 1058 prcesente's,
1479 1010 1543 1046 sed
1581 1008 1847 1046 anniversario

251 1063 374 1100 obitus
403 1068 555 1099 &mlum
575 1076 662 1099 cum
680 1063 864 1110 θ’θῃίιηὶηε
882 1062 995 1099 chori.

335 1116 367 1153 O
397 1117 459 1165 pie
488 1116 605 1162 Deus,
629 1117 697 1165 qui
725 1116 896 1165 primum
924 1116 1122 1153 hominem
1148 1117 1198 1153 ad
1225 1120 1413 1154 aeternam
1441 1117 1605 1166 gloriam
1632 1115 1849 1154 revocasti:

253 1174 387 1219 pastor
414 1171 527 1216 bone,
548 1170 617 1219 qui
642 1183 755 1206 ovem
783 1170 977 1219 perditam
996 1171 1060 1219 pio
1089 1171 1251 1207 humero
1271 1171 1320 1207 ad
1349 1171 1451 1207 ovile
1480 1171 1687 1220 reportasti
1712 1185 1719 1208 :
1744 1170 1851 1219 juste

248 1224 385 1273 judeX,
425 1224 518 1260 dum
556 1224 710 1260 veneris
748 1224 936 1272 judicare,
982 1223 1106 1261 libera
1143 1224 1190 1260 de
1233 1229 1359 1260 morte
1397 1225 1546 1261 animas
1583 1238 1718 1261 eorum
1755 1236 1851 1273 quos

254 1277 465 1323 redemisti,
492 1290 541 1314 ne
566 1278 698 1314 tradas
722 1277 858 1314 bestiis
883 1278 1034 1314 animas
1059 1278 1290 1315 confitentes
1318 1279 1415 1315 tibi:
1446 1292 1494 1315 ne
1520 1278 1766 1328 derelinquas
1788 1290 1851 1315 eas

256 1331 295 1367 in
316 1331 444 1369 finem.

336 1393 495 1430 Secreta.

337 1447 524 1492 Absolve,
557 1460 788 1496 quaesumus,
821 1447 1002 1494 Domine,
1031 1447 1202 1484 animam
1227 1448 1367 1484 famuli
1392 1448 1454 1484 tui
1478 1449 1526 1484 ab
1557 1447 1664 1484 omni
1695 1446 1853 1483 vinculo

257 1501 501 1547 delictorum,
533 1505 579 1537 ut
608 1501 650 1537 in
689 1501 985 1537 resurrectionis
1021 1502 1145 1551 gloria
1175 1502 1281 1539 inter
1315 1507 1469 1539 sanctos
1506 1506 1545 1538 et
1588 1502 1729 1538 electos
1764 1505 1853 1538 tuos

258 1555 508 1592 resuscitatus
528 1555 703 1604 respiret.
763 1555 841 1593 Per
860 1555 1088 1592 Dominum.

341 1616 579 1655 Commzmio.

339 1671 430 1708 Lux
459 1676 605 1708 aeterna
633 1671 761 1707 luceat
785 1671 850 1718 eis,
873 1671 1042 1708 Domine
1062 1685 1069 1709 :
1099 1684 1187 1708 cum
1216 1671 1360 1708 sanctis
1379 1671 1458 1708 tuis
1478 1671 1519 1708 111
1539 1675 1740 1718 aeternum,
1763 1670 1856 1720 quia

258 1738 346 1775 pius
366 1738 415 1763 65.

268 1779 304 1816 V.
336 1779 531 1828 Requiem
564 1782 749 1815 aeternam
783 1778 884 1815 dona
917 1779 984 1827 eis,
1013 1779 1208 1816 Domine:
1250 1783 1290 1815 et
1317 1779 1387 1815 lux
1416 1783 1602 1829 perpetua
1630 1778 1759 1816 luceat
1787 1778 1852 1815 eis.

261 1833 360 1869 Cum
390 1832 543 1869 sanctis

340 1895 660 1932 Postcormnunio.

341 1950 489 1986 Annue
504 1949 627 1994 nobis,
645 1949 826 1994 Domine,
844 1953 889 1985 ut
909 1949 1039 1985 anima
1058 1948 1198 1985 famuli
1213 1949 1275 1985 tui
1289 1949 1555 1986 remissionem
1572 1962 1689 1998 quam
1705 1962 1856 1999 semper

262 2003 426 2053 optavit,
447 2007 643 2039 mereatur
662 2003 859 2052 percipere
878 2007 1135 2052 peccatorum.
1194 2003 1271 2039 Per
1290 2003 1520 2040 Dominum.

342 2069 427 2106 Ism
447 2068 603 2116 epistola,
623 2069 779 2105 <liccam
799 2075 953 2105 mutam
972 2069 1016 2105 in
1035 2068 1096 2105 die
1115 2068 1363 2106 Animarum.

343 2124 408 2159 Ad
438 2122 786 2159 Thessalonicenses
814 2122 858 2172 (l
882 2123 929 2159 iv.
956 2123 1070 2159 13-18
1074 2123 1106 2173 )

345 2176 528 2213 Fratres:
564 2176 761 2213 Nolumus
793 2189 863 2213 Vos
896 2177 1074 2226 ignorare
1100 2176 1147 2213 de
1173 2176 1458 2213 dormientibus
1487 2189 1606 2224 usque
1635 2176 1690 2212 ad
1716 2176 1858 2225 Itaque

265 2230 519 2268 consolamini
538 2230 707 2267 invicem
725 2231 768 2266 in
787 2231 918 2267 verbis
936 2231 1032 2267 istis.
1091 2230 1143 2266 In
1164 2230 1320 2267 Christo
1339 2231 1367 2267 J
1371 2244 1437 2267 esu
1457 2230 1628 2267 Domino
1646 2234 1791 2267 nostro.

344 2295 399 2331 In
419 2302 579 2344 tempore
601 2295 783 2332 Paschali
802 2295 947 2332 dicitm·
965 2296 1041 2332 ‘ista
1061 2295 1219 2344 epistola
1238 2296 1281 2331 in
1301 2295 1473 2333 obicibus.

347 2349 411 2386 Ad
432 2349 653 2386 Corinthios
672 2349 715 2397 (l
744 2363 803 2386 ευυ.
828 2349 983 2398 20-23).

347 2403 504 2440 Fratres
523 2418 529 2440 :
584 2403 763 2440 Christus
809 2403 1025 2440 resurrexit
1061 2416 1084 2439 a
1120 2403 1287 2439 mortuis
1334 2403 1518 2452 primitiae
1553 2402 1832 2439 dormientium
1850 2415 1859 2448 ;

268 2457 453 2506 quoniam
483 2457 641 2506 quidem
671 2470 739 2506 per
767 2457 967 2493 hominem
991 2470 1106 2503 mors,
1134 2461 1173 2493 et
1198 2470 1267 2506 per
1286 2457 1485 2493 hominem
1513 2456 1744 2493 resurrectio
1763 2469 1861 2492 mor-

268 2516 437 2547 tuorum.
498 2511 551 2547 Et
571 2511 671 2547 sicut
696 2511 737 2546 in
758 2511 890 2547 Adam
917 2524 1051 2547 01111165
1075 2511 1310 2556 moriuntur,
1332 2511 1389 2547 ita
1414 2515 1453 2547 et
1477 2511 1519 2547 111
1545 2510 1702 2547 Christo
1727 2523 1860 2547 omnes

266 2564 598 2601 vivificabuntur:
638 2565 905 2614 unusquisque
933 2569 1065 2602 autem
1098 2565 1140 2601 111
1169 2578 1239 2601 5110
1267 2564 1413 2611 ordine,
1444 2565 1522 2601 Per
1556 2564 1584 2600 J
1588 2577 1696 2601 esum
1733 2563 1862 2600 Chris-

270 2622 355 2654 tum
377 2619 593 2655 Dominum
613 2623 800 2656 nostrum.

348 2680 402 2717 In
421 2680 584 2717 obitibus
602 2680 769 2728 epistola.

349 2735 476 2771 Lectio
506 2734 595 2770 libri
614 2734 867 2783 Apocalypsis
887 2734 985 2771 beati
1004 2733 1202 2771 Jolnmnis
1222 2733 1393 2782 Apostoli
1412 2733 1508 2782 (xiv.
1535 2732 1617 2782 13).

349 2789 399 2824 In
419 2788 554 2824 diebus
574 2787 662 2833 illis,
686 2788 838 2824 Audivi
856 2801 989 2824 vocem
1010 2788 1056 2824 de
1076 2787 1180 2834 caelo,
1204 2788 1397 2824 dicentem
1421 2787 1519 2822 mibi
1534 2799 1544 2833 3
1580 2786 1722 2832 Scribe,
1745 2787 1860 2823 Beati

270 2842 427 2887 mortui,
463 2842 532 2890 qui
564 2842 607 2877 in
640 2841 811 2878 Domino
843 2841 1077 2878 moriuntur.
1150 2842 1306 2878 Amodo
1338 2842 1433 2890 jam,
1468 2840 1564 2876 dicit
1598 2840 1781 2889 Spiritus,
1815 2844 1861 2877 ut

270 2897 514 2945 requiescant
532 2908 555 2931 a
574 2895 772 2931 laboribus
791 2896 872 2931 suis
888 2910 895 2932 ε
934 2909 1049 2945 opera
1069 2895 1172 2932 enim
1193 2895 1352 2931 illorum
1370 2898 1590 2943 sequuntur
1609 2894 1706 2931 illos.

350 2962 428 2998 Pro
435 2960 596 3009 fiomulo
615 2960 842 3009 velfamzcla
863 2961 1008 2998 (licitur
1026 2960 1094 2998 lcoc
1112 2960 1359 3009 evcmyelium.
