1979 3348
570 255 601 296 I
602 269 634 296 η
654 255 815 298 Natali
838 254 920 297 uui
930 269 978 296 us
997 254 1213 308 Apostoli.
1605 257 1684 295 135

565 406 617 443 IN
646 406 809 443 NATALI
839 416 962 443 umus
990 405 1202 442 Apos'rom.

178 470 361 519 Officium.

174 524 279 560 Mihi
297 528 428 561 autem
447 524 564 561 nimis
588 524 769 560 honorati
800 528 892 560 sunt
921 524 1035 560 amici
1063 523 1135 569 tui,
1158 523 1275 569 Deus,
1298 521 1416 558 nimis
1445 522 1683 559 confortatus

96 582 153 614 est
171 577 413 627 principatus
432 590 575 614 eorum.

174 631 203 667 I
201 645 229 667 η
249 637 408 680 tempore
428 630 620 677 Pasa-ledi,
641 630 836 679 Alleluya.

176 684 368 722 Psalmus.

173 738 352 783 Domine,
368 738 541 788 probasti
559 751 620 774 me
640 741 679 773 et
698 737 912 787 cognovisti
931 750 991 773 me
1008 751 1016 773 z
1038 741 1083 773 tu
1101 736 1316 785 cognovisti
1335 735 1542 772 sessionem
1556 749 1680 773 meam

95 796 134 827 et
154 792 473 828 resurrectionem
493 804 628 828 meam.

177 845 319 882 Oratio.

174 898 414 945 Quaesumus,
454 898 696 946 omnipotens
729 897 848 943 Deus,
887 901 932 933 ut
968 898 1105 933 beatus
1142 897 1338 945 apostolus
1375 896 1427 932 N.
1463 900 1577 932 tuum
1610 910 1679 946 pro

92 951 204 988 nobis
222 952 401 1001 imploret
420 952 613 988 auxilium
626 965 636 998 3
665 955 710 987 ut
728 964 750 987 a
768 951 912 987 nostris
937 951 1106 987 reatibus
1135 950 1305 987 absoluti
1333 963 1356 986 a
1383 950 1532 986 cunctis
1561 950 1678 987 etiam

94 1005 274 1054 periculis
293 1018 482 1041 eruamur.
542 1005 618 1041 Per
636 1004 877 1041 Dominums

172 1059 442 1095 Phio-imorum
461 1059 726 1107 apostolorum.

172 1112 289 1158 Deus,
321 1113 389 1162 qui
416 1125 485 1148 nos
513 1125 643 1148 annua
674 1111 936 1161 apostolorum
964 1111 1015 1148 N.
1049 1116 1088 1148 et
1118 1111 1168 1147 N.
1201 1110 1459 1147 sollemnitate
1494 1110 1677 1156 laetifieas,

91 1169 242 1214 praesta,
265 1179 494 1215 quaesumus,
516 1170 562 1202 ut
590 1179 756 1214 quorum
785 1165 997 1214 gaudemus
1027 1165 1185 1210 meritis,
1207 1165 1448 1200 instruamur
1476 1164 1673 1213 exemplis.

94 1218 170 1255 Per
189 1219 412 1256 Dominum.

172 1273 237 1309 Ad
259 1273 440 1321 Ephesios
459 1273 522 1322 (ii.
549 1273 699 1321 19-22).

173 1327 351 1363 Fratres:
386 1327 469 1375 jam
498 1339 577 1363 non
609 1327 701 1363 estis
730 1326 899 1375 hospites
928 1339 1046 1374 usque
1083 1326 1135 1362 acl
1166 1325 1207 1362 in
1236 1324 1502 1361 habitaculum
1530 1324 1606 1361 Dei
1636 1325 1676 1361 in

95 1379 244 1429 Spiritu
264 1380 415 1417 Sancto.

175 1433 239 1470 Ad
257 1433 450 1470 Romanos
468 1433 571 1483 (viii.
595 1433 746 1483 28-39).

174 1487 329 1524 Fratres
349 1502 355 1523 :
403 1487 553 1524 Scimus
589 1488 773 1536 quoniam
820 1487 1069 1536 diligentibus
1116 1487 1245 1522 Deum
1291 1486 1421 1522 omnia
1467 1499 1584 1534 usque
1624 1487 1676 1522 ad

92 1553 266 1589 separare
284 1554 308 1577 a
326 1541 487 1578 caritate
507 1541 595 1587 Dei,
617 1554 701 1590 quae
722 1544 780 1577 est
798 1541 841 1576 in
861 1541 1015 1577 Christo
1034 1541 1062 1577 J
1065 1553 1131 1576 esu
1152 1540 1322 1576 Domino
1341 1543 1483 1576 nostro,

174 1594 301 1631 Lectio
320 1595 488 1631 Actuum
507 1594 774 1643 Apostolormn
793 1594 846 1644 (v.
874 1594 957 1630 124
966 1594 1021 1643 6).

177 1648 228 1684 In
257 1648 392 1684 diebus
428 1648 517 1694 illis,
554 1648 630 1684 Per
658 1661 795 1684 manus
827 1648 1089 1696 apostolorum
1118 1647 1263 1683 fiebant
1296 1647 1405 1695 signa
1433 1651 1473 1683 et
1501 1647 1676 1695 prodigia

97 1701 223 1738 multa
259 1715 376 1749 usque
414 1703 466 1738 acl
502 1706 541 1738 et
577 1706 738 1738 vexatos
775 1715 798 1737 a
830 1701 1030 1750 spiritibus
1062 1701 1272 1737 immundis
1292 1715 1299 1737 :
1336 1701 1403 1749 qui
1441 1702 1677 1739 curabantur

98 1768 238 1792 omnes„

175 1808 351 1846 Gradale.

172 1861 395 1899 Constitues
439 1876 501 1899 eos
538 1863 731 1912 principes
778 1875 892 1912 super
928 1875 1082 1899 omnem
1119 1866 1263 1899 terram
1282 1877 1289 1898 ε
1335 1875 1522 1900 memores
1560 1867 1675 1899 erunt

94 1916 263 1952 nominis
279 1916 349 1962 tui,
370 1917 550 1955 Domine.

102 1969 138 2006 V.
196 1969 274 2006 Pro
291 1970 468 2019 patribus
487 1971 567 2006 tuis
586 1971 671 2006 nati
690 1974 782 2007 sunt
801 1971 877 2007 tibi
895 1970 966 2007 filii
983 1984 989 2007 :
1009 1973 1213 2019 propterea
1231 1970 1365 2019 populi
1384 1971 1676 2007 confitebuntur

96 2023 179 2059 tibi.

176 2076 352 2113 Gradale.

173 2130 224 2167 In
252 2144 406 2167 omnem
425 2135 568 2168 terram
588 2131 714 2167 exivit
741 2144 857 2168 sonus
885 2144 1017 2168 eorum
1034 2145 1040 2167 :
1070 2135 1109 2167 et
1127 2131 1169 2167 in
1188 2131 1283 2167 fines
1302 2131 1405 2167 orbis
1424 2134 1537 2167 terrae
1556 2131 1674 2167 verba

93 2197 236 2220 eorum.

100 2237 138 2273 V.
171 2238 264 2274 Gaeli
292 2242 477 2274 enarrant
495 2238 658 2287 gloriam
678 2238 755 2274 Dei
774 2253 780 2275 z
810 2243 849 2275 et
869 2251 984 2287 opera
1003 2251 1188 2274 manuum
1218 2239 1301 2287 ejus
1320 2238 1531 2274 annuntiat
1549 2238 1673 2274 firma—

94 2295 279 2328 mentum.

175 2344 352 2382 Gradale.

173 2398 303 2435 Nimis
322 2399 504 2436 honorati
531 2402 625 2435 sunt
652 2399 766 2435 amici
785 2399 857 2445 tui,
878 2399 1007 2435 Deus:
1036 2398 1153 2435 nimis
1182 2399 1421 2436 confortatus
1450 2403 1508 2436 est
1533 2399 1674 2448 princi—

94 2456 208 2500 patus
227 2465 369 2489 eorum.

103 2505 138 2542 V.
170 2505 436 2542 Dinumerabo
456 2519 519 2542 eos
535 2520 541 2542 :
561 2510 600 2543 et
619 2519 733 2555 super
751 2519 908 2542 arenam
927 2506 1043 2542 maris
1058 2506 1435 2555 multiplicabuntur.

171 2559 365 2609 Alleluya.
430 2559 468 2596 V.
500 2559 552 2596 In
584 2573 737 2596 omnem
769 2564 914 2596 terram
941 2560 1066 2596 exivit
1099 2573 1214 2597 sonus
1243 2573 1403 2597 eorum:
1436 2564 1474 2597 et
1503 2560 1546 2596 in
1573 2560 1669 2596 fines

95 2613 197 2649 orbis
215 2617 328 2650 terrae
347 2614 466 2650 verba
485 2627 628 2650 eorum.

175 2666 365 2716 Alleluya.
431 2667 469 2704 V.
514 2667 645 2703 Nimis
673 2667 854 2704 honorati
891 2671 984 2704 sunt
1020 2667 1134 2704 amici
1163 2668 1235 2713 tui,
1268 2669 1403 2704 Deus:
1432 2667 1550 2703 nimis
1581 2680 1668 2704 con-

93 2719 258 2756 fortatus
277 2724 335 2757 est
352 2721 594 2770 principatus
614 2734 758 2757 eorum.

170 2773 363 2823 Alleluya.
428 2775 465 2811 V.
498 2775 592 2811 Non
612 2788 678 2810 vos
705 2788 766 2811 me
786 2774 953 2823 elegistis
970 2788 976 2811 :
1006 2775 1071 2811 sed
1091 2788 1159 2824 ego
1177 2788 1245 2811 vos
1265 2775 1372 2824 elegi,
1395 2778 1434 2811 et
1452 2775 1564 2824 posui
1584 2787 1665 2820 vos,

94 2829 139 2862 ut
157 2827 263 2874 eatis,
285 2832 324 2864 et
342 2828 513 2864 fructum
533 2828 713 2872 afferatis,
734 2832 774 2864 et
795 2828 945 2864 fructus
964 2832 1092 2864 vester
1110 2833 1275 2865 maneat.

170 2880 362 2930 Alleluya.
428 2882 465 2919 V.
490 2882 566 2918 Per
580 2895 718 2918 manus
733 2885 864 2918 autem
876 2882 1138 2931 apostolorum
1150 2882 1294 2920 fiebant
1307 2883 1416 2932 signa
1436 2886 1475 2919 et
1493 2880 1669 2932 prodigia

93 2932 218 2969 multa
236 2934 277 2969 in
295 2935 418 2983 plebe.

170 2986 224 3023 In
241 2987 281 3023 F
278 2994 350 3025 esto
366 2988 485 3025 unius
504 2989 577 3026 sive
590 2989 854 3038 plurimorum
872 2989 1136 3039 (wostolorum.
