1979 3348
250 273 331 314 *230
737 273 832 315 Pro
862 272 1053 314 Femina
1082 272 1359 327 Proegywmntc.

716 384 828 421 Fecit
847 383 982 420 surdos
1000 383 1063 421 hic
1081 383 1227 429 audire,

716 437 853 474 Mutos
873 437 992 487 loqui,
1012 437 1167 473 claudos
1185 437 1255 482 ire,

717 491 771 527 Et
790 491 893 540 quod
913 495 970 528 est
989 491 1149 528 virtutis
1169 491 1288 536 mirae,

769 544 983 582 Suscitavit
1002 548 1184 581 mortuos.

715 598 850 647 Hujus
869 598 1002 635 laudes
1021 598 1258 644 attollamus,

714 652 800 689 Nec
819 666 841 689 a
863 652 978 689 laude
997 652 1237 698 desistamus,

716 706 791 743 Sed
806 706 995 754 jocundos
1015 706 1220 742 offeramus

766 760 817 797 Ei
834 760 995 797 laudum
1013 759 1198 796 modulos.

458 824 552 862 Alia
570 824 787 874 Sequentia.

711 878 861 915 Chorus
879 881 1011 914 noster
1024 877 1272 926 jocundetur,

711 933 764 969 Et
784 932 922 968 devote
942 931 1158 968 celebretur

763 985 958 1023 «Iohannis
972 986 1166 1022 memoria.

711 1040 836 1084 Quem
855 1044 1065 1088 patronum
1085 1038 1382 1088 congaudemus,

709 1093 779 1130 Illi
798 1093 913 1142 digne
933 1096 1205 1129 concanteuius

764 1147 917 1183 Laudes
937 1150 976 1182 et
995 1147 1196 1195 praeconia.

710 1201 751 1237 N
754 1214 795 1237 os
815 1200 996 1238 condecet
1015 1199 1118 1236 hunc
1139 1199 1307 1246 laudare,

708 1256 845 1303 Atque
865 1266 1015 1302 semper
1033 1253 1240 1302 implorare

764 1308 809 1357 Ej
818 1321 861 1344 us
880 1307 1106 1356 patrocinia.

709 1362 831 1411 Cujus
852 1362 934 1398 vita
952 1361 1118 1410 gloriosa

709 1416 860 1452 Extitit
879 1415 1109 1451 miraculosa

762 1469 851 1506 Sola
871 1469 945 1506 Dei
964 1468 1099 1518 gratia.

708 1523 844 1561 Mutos
863 1523 954 1559 fecit
973 1523 1036 1559 hic
1056 1522 1257 1571 loquentes

707 1579 844 1626 Atque
863 1577 998 1613 surdos
1018 1577 1230 1621 audientes,

762 1631 932 1681 Fugavit
952 1630 1151 1666 daemonia.

707 1685 808 1721 Caeci
827 1685 964 1721 vident
984 1688 1024 1721 et
1044 1684 1238 1728 laetantur,

707 1738 847 1775 Claudi
867 1742 1040 1783 currunt,
1063 1742 1102 1774 et
1121 1743 1309 1775 curantur

761 1792 912 1829 Cuncta
931 1792 1057 1828 morbi
1079 1804 1231 1840 genera.

706 1846 785 1883 Res
805 1846 993 1890 miranda,
1014 1858 1081 1881 vas
1101 1846 1339 1881 confractum

704 1900 858 1936 Vinum
878 1899 1048 1936 servavit
1066 1899 1259 1935 intactum

759 1953 856 2003 Ejus
875 1954 916 1989 in
931 1953 1121 1990 convivio.

705 2006 887 2057 Stupent,
916 2007 1110 2043 mirantur
1129 2006 1300 2043 convivae
1318 2020 1327 2053 5

704 2061 842 2107 Musti,
864 2061 960 2106 vini,
983 2065 1022 2097 et
1041 2060 1197 2096 cervisae

757 2115 852 2151 Non
870 2115 916 2150 fit
935 2114 1153 2150 minoratio.

703 2169 923 2206 Defunctus
942 2168 1195 2205 resuscitatur

701 2223 951 2268 Adolescens,
974 2225 1013 2259 et
1032 2221 1215 2258 laudatur

756 2276 904 2313 Divina
922 2276 1107 2325 potentia.

702 2330 844 2367 Sancte
863 2335 983 2379 pater,
1005 2342 1110 2365 nunc
1130 2342 1344 2378 precamur,

701 2384 764 2421 Ut
783 2389 821 2420 te
841 2384 937 2420 duce
955 2383 1212 2433 perducamur

752 2438 821 2474 Ad
840 2442 985 2474 aeterna
1003 2437 1153 2486 gaudia.

748 2492 881 2529 Amen
900 2491 1031 2528 dicant
1051 2490 1191 2528 onmia.

871 2612 991 2650 From
1019 2611 1104 2649 MS.
1136 2612 1186 2648 D.

730 2695 818 2733 PRo
846 2695 1013 2732 anxA
1044 2694 1316 2731 PRAEGNANTE.

316 2751 459 2791 Oratio.

309 2806 428 2852 Deus,
452 2804 520 2854 qui
549 2804 703 2840 beatam
730 2803 923 2853 virginem
954 2807 993 2840 et
1021 2806 1187 2839 matrem
1220 2801 1390 2838 Mariam
1423 2801 1465 2837 in
1495 2805 1682 2850 conceptu
1713 2804 1754 2837 et
1781 2800 1824 2837 111

226 2864 342 2910 partu
372 2857 613 2904 consecrasti,
634 2861 674 2894 et
703 2856 732 2894 J
735 2870 849 2893 onam
879 2856 1111 2906 prophetam
1141 2856 1189 2892 de
1218 2859 1358 2892 ventre
1389 2855 1464 2891 ceti
1493 2855 1646 2904 potenti
1675 2854 1823 2891 virtute

225 2913 411 2960 liberasti,
431 2911 618 2950 famulam
642 2914 754 2947 tuam
774 2910 827 2946 N.
849 2910 1046 2959 gravidam
1076 2913 1247 2959 protege,
1271 2913 1310 2946 et
1329 2907 1447 2945 visita
1475 2921 1561 2945 eam
1590 2908 1633 2945 in
1661 2907 1824 2945 salutari

223 2973 304 3014 tuo,
327 2971 372 3004 ut
392 2966 518 3017 proles
536 2965 579 3002 in
598 2964 665 3001 illa
684 2967 867 3001 contenta
886 2964 1050 3000 feliciter
1068 2963 1111 2999 111
1139 2963 1266 3000 lucem
1294 2961 1456 3013 prodeat
1475 2965 1515 2999 et
1543 2963 1746 3012 perveniat
1773 2961 1818 2998 ad

227 3022 394 3072 gratiam
413 3019 558 3058 lavacri
575 3018 764 3056 salutaris.
823 3017 900 3054 Per
918 3017 1144 3054 Dominum.
