1979 3348
812 213 965 254 Prosoe.
1605 217 1685 255 285

693 439 1076 493 PROSAE.

876 631 910 667 I.

389 712 453 749 Ad
480 711 688 761 Sequentia
707 712 888 758 Domine,
910 713 1119 762 refugium.

283 776 447 814 LAUDES
476 777 567 814 DEO
596 787 767 822 DEVOTA,
788 783 822 813 et
842 783 972 823 cetera,
993 784 1037 814 ut
1056 791 1178 826 supra
1197 777 1292 827 (vol.
1311 778 1338 814 i.
1357 792 1394 828 p.
1420 779 1524 830 135.)

859 925 920 963 ΙΙ.

265 1003 349 1054 (AD
380 1003 542 1040 MISSAM
574 1013 617 1039 IN
644 1002 824 1039 AURORA
852 1012 896 1038 IN
924 1001 1085 1038 NATAm
1115 1001 1520 1053 D0M1N1.—Sarum.)

253 1093 415 1130 SONENT
443 1103 538 1128 REGI
567 1101 673 1128 NATO
692 1103 795 1127 nova
813 1090 976 1136 cantica,

254 1147 375 1196 Cujus
396 1146 515 1182 Pater
532 1145 626 1182 fecit
644 1144 786 1191 omnia,
806 1148 933 1180 mater
951 1147 1010 1180 est
1032 1144 1139 1192 virgo
1158 1144 1431 1181 sacratissima.

254 1200 453 1237 Generans
472 1200 536 1236 hie
553 1199 678 1235 nescit
697 1198 893 1244 feminam,
913 1198 983 1234 illa
1001 1202 1059 1234 est
1078 1199 1160 1234 sine
1179 1198 1265 1234 Viro
1284 1198 1454 1247 gravida.

251 1254 431 1291 Verbum
451 1253 564 1290 corde
585 1253 714 1289 Patris
732 1252 909 1301 genitum
928 1255 1020 1288 ante
1040 1252 1189 1298 saecula,

252 1309 381 1345 Alvus
400 1308 536 1344 matris
554 1307 673 1356 gessit
692 1310 939 1355 corporatum
958 1319 1027 1355 per
1044 1310 1236 1355 tempora.

253 1363 286 1399 O
306 1362 406 1399 mira
426 1362 616 1411 genitura,
640 1361 673 1397 O
693 1360 885 1409 stupenda
903 1360 1091 1396 nativitas
1111 1361 1117 1396 ἕ

253 1417 286 1453 O
306 1416 432 1466 proles
451 1415 628 1465 gloriosa,
648 1415 862 1451 humanata
882 1414 1084 1450 Divinitas
1101 1415 1107 1450 Ξ

252 1471 316 1507 Sic
335 1474 374 1507 te
393 1470 646 1514 naseiturum,
668 1468 746 1504 Fili
766 1468 852 1514 Dei,
874 1472 994 1513 vates,
1015 1467 1120 1503 docti
1135 1471 1205 1504 tuo
1224 1466 1387 1516 Spiritu,
1409 1467 1591 1504 dixerant
1605 1480 1615 1514 3

252 1525 315 1561 Sic
335 1528 375 1560 te
394 1524 542 1560 oriente
562 1522 695 1559 laudes
714 1522 790 1558 tibi
809 1526 982 1568 cantant,
1003 1534 1136 1571 pacem
1156 1522 1272 1558 terris
1291 1521 1419 1570 angeli
1438 1521 1639 1558 nuntiant.

253 1578 458 1615 Elementa
476 1577 610 1613 vultus
630 1576 852 1613 exhilarant
869 1589 878 1622 3

253 1632 398 1668 Omnes
425 1631 551 1668 sancti
568 1630 783 1680 gaudentes
796 1629 972 1678 jubilant

252 1686 365 1723 Salve
384 1684 586 1722 clamando
600 1698 610 1731 3
637 1696 785 1732 nosque
803 1683 920 1729 salva,

251 1740 390 1777 Deitas
408 1739 450 1776 in
469 1738 643 1789 personis
661 1737 767 1774 trina

251 1793 426 1843 Simplex
443 1793 544 1830 usia.

844 1887 926 1927 ΙΙΙ.

505 1974 572 2025 (IN
599 1974 740 2011 FEs'ms
769 1974 1136 2010 APOSTOLORUM.—
1145 1972 1274 2023 York.)

387 2060 828 2116 CLAREQSANCTORUMJ
849 2066 893 2096 ut
907 2074 1027 2109 supra
1049 2060 1130 2110 (vol
1149 2060 1191 2097 fi.
1210 2073 1246 2109 p.
1272 2059 1379 2110 137).

844 2195 923 2233 IV.

531 2285 596 2321 DE
624 2294 772 2322 SANcTo
799 2283 990 2329 ANDREA,
1020 2292 1233 2319 APOSTOLO.

170 2340 371 2389 Alleluya.

90 2394 229 2431 CLARA
257 2404 468 2432 CANTEMUS
496 2403 720 2430 soNORrrER
738 2391 889 2429 cantica
908 2394 1041 2428 sancto
1062 2390 1233 2427 Andreae
1253 2388 1439 2440 praedulci
1457 2388 1640 2427 melodia:

91 2448 169 2494 Qui
188 2448 270 2485 caeli
290 2447 397 2484 curia
415 2447 579 2483 victoria
598 2447 718 2496 pollet
738 2445 949 2495 apostoliea
963 2458 975 2492 3

91 2504 216 2548 Quem
235 2502 404 2539 mundus
423 2501 592 2538 celebrat
610 2501 772 2537 fratrem
792 2499 900 2536 Petri
919 2499 1035 2549 plena
1053 2498 1215 2535 laudum
1233 2498 1371 2548 gloria.

89 2556 170 2593 Hic
189 2556 382 2593 Achaiam
401 2555 596 2604 ingressus
615 2554 729 2591 idolis
748 2553 928 2604 plurimis
948 2553 1121 2590 deditam
1158 2567 1162 2571 ’

90 2610 223 2646 Solum
245 2610 459 2646 Dominum
480 2608 684 2645 colendum
703 2608 835 2645 docuit
854 2608 929 2644 fide
949 2607 1138 2644 catholica
1155 2620 1162 2642 ι

90 2664 213 2713 Cujus
231 2677 324 2700 mox
352 2664 534 2714 (logmata
560 2662 715 2712 agmina
742 2662 911 2711 plurima
939 2661 1214 2711 sequebantur,
1233 2659 1325 2696 fidei
1344 2658 1499 2696 Christo
1518 2672 1681 2696 munera

196 2718 343 2755 dantia.
772 2717 775 2721 '
1005 2717 1020 2757 ⁴,
1085 2758 1087 2761 ι

89 2770 178 2808 Hoc
192 2785 351 2808 cernens
370 2771 539 2821 perfidus
557 2770 682 2806 nimia
699 2769 844 2807 exarsit
863 2769 1014 2806 invidia
1031 2765 1347 2819 AEgeaS,2sse‡ecata
1364 2767 1491 2804 serens
1510 2770 1679 2816 pectora,

90 2825 144 2862 Et
164 2826 239 2863 Dei
257 2826 442 2863 dilectum
461 2838 531 2874 per
548 2825 711 2861 verbera
729 2823 891 2860 carceris
911 2836 1064 2872 quoque
1083 2822 1226 2859 afflixit,
1243 2821 1402 2871 injuria.

91 2880 216 2926 Quem
235 2880 370 2917 videns
389 2880 583 2916 invictum
601 2891 671 2928 per
689 2878 830 2923 omnia,
851 2878 1012 2927 perduci
1023 2877 1144 2926 jussit
1162 2876 1285 2913 crucis
1303 2876 1352 2913 ad
1371 2874 1598 2925 suspendia:

494 2966 509 2981 ¹
531 2965 600 2994 MS.
617 2965 719 3002 gives,
733 2963 796 2993 line
810 2965 839 3001 3,
861 2965 878 2981 “
892 2963 1073 2993 Antiochus
1087 2964 1119 2992 et
1132 2962 1281 2992 Romus.”
