<?xml version="1.0" encoding="UTF-8"?>
<!DOCTYPE html PUBLIC "-//W3C//DTD XHTML 1.0 Transitional//EN"
    "http://www.w3.org/TR/xhtml1/DTD/xhtml1-transitional.dtd">
<html xmlns="http://www.w3.org/1999/xhtml" xml:lang="en" lang="en">
 <head>
  <title>
</title>
<meta http-equiv="Content-Type" content="text/html;charset=utf-8" />
  <meta name='ocr-system' content='tesseract 3.04.00' />
  <meta name='ocr-capabilities' content='ocr_page ocr_carea ocr_par ocr_line ocrx_word'/>
</head>
<body>
  <div class='ocr_page' id='page_1' title='image "./missaleadusumins02cath_0277.png"; bbox 0 0 1979 3348; ppageno 0'>
   <div class='ocr_carea' id='block_1_1' title="bbox 828 199 1710 254">
    <p class='ocr_par' dir='ltr' id='par_1_1' title="bbox 828 199 1710 254">
     <span class='ocr_line' id='line_1_1' title="bbox 828 199 1710 254; baseline 0.006 -14"><span class='ocrx_word' id='word_1_1' title='bbox 828 199 1004 254; x_wconf 68' lang='lat' dir='ltr'>ngrles.</span> <span class='ocrx_word' id='word_1_2' title='bbox 1629 205 1710 245; x_wconf 77' lang='lat'>249</span> 
     </span>
    </p>
   </div>
   <div class='ocr_carea' id='block_1_2' title="bbox 273 309 1575 896">
    <p class='ocr_par' dir='ltr' id='par_1_2' title="bbox 274 309 1575 520">
     <span class='ocr_line' id='line_1_2' title="bbox 276 309 1575 361; baseline 0.003 -16"><span class='ocrx_word' id='word_1_3' title='bbox 276 309 501 346; x_wconf 72' lang='lat' dir='ltr'>Theoricam</span> <span class='ocrx_word' id='word_1_4' title='bbox 522 310 809 360; x_wconf 81' lang='lat' dir='ltr'>practicamque</span> <span class='ocrx_word' id='word_1_5' title='bbox 828 311 951 347; x_wconf 70' lang='lat' dir='ltr'>vitam</span> <span class='ocrx_word' id='word_1_6' title='bbox 971 323 1106 357; x_wconf 70' lang='lat' dir='ltr'>regens</span> <span class='ocrx_word' id='word_1_7' title='bbox 1126 310 1234 347; x_wconf 84' lang='lat' dir='ltr'>Deus</span> <span class='ocrx_word' id='word_1_8' title='bbox 1256 310 1386 356; x_wconf 78' lang='lat' dir='ltr'>Pater,</span> <span class='ocrx_word' id='word_1_9' title='bbox 1409 311 1575 361; x_wconf 77' lang='lat' dir='ltr'>eleyson.</span> 
     </span>
     <span class='ocr_line' id='line_1_3' title="bbox 277 363 1327 413; baseline 0.001 -14"><span class='ocrx_word' id='word_1_10' title='bbox 277 363 502 412; x_wconf 82' lang='lat' dir='ltr'>Veniteque</span> <span class='ocrx_word' id='word_1_11' title='bbox 523 363 714 410; x_wconf 86' lang='lat' dir='ltr'>Christus,</span> <span class='ocrx_word' id='word_1_12' title='bbox 737 365 806 413; x_wconf 89' lang='lat' dir='ltr'>qui</span> <span class='ocrx_word' id='word_1_13' title='bbox 824 377 862 400; x_wconf 87' lang='lat' dir='ltr'>es</span> <span class='ocrx_word' id='word_1_14' title='bbox 883 364 994 400; x_wconf 76' lang='lat' dir='ltr'>Patri</span> <span class='ocrx_word' id='word_1_15' title='bbox 1015 377 1137 410; x_wconf 77' lang='lat' dir='ltr'>caruS,</span> <span class='ocrx_word' id='word_1_16' title='bbox 1160 364 1327 413; x_wconf 86' lang='lat' dir='ltr'>eleyson.</span> 
     </span>
     <span class='ocr_line' id='line_1_4' title="bbox 276 416 1478 467; baseline 0.002 -14"><span class='ocrx_word' id='word_1_17' title='bbox 276 416 524 466; x_wconf 87' lang='lat' dir='ltr'>Spiritusque</span> <span class='ocrx_word' id='word_1_18' title='bbox 543 417 751 464; x_wconf 81' lang='lat' dir='ltr'>Paraclite,</span> <span class='ocrx_word' id='word_1_19' title='bbox 773 418 864 454; x_wconf 89' lang='lat' dir='ltr'>hinc</span> <span class='ocrx_word' id='word_1_20' title='bbox 884 418 996 454; x_wconf 85' lang='lat' dir='ltr'>nobis</span> <span class='ocrx_word' id='word_1_21' title='bbox 1015 418 1286 467; x_wconf 73' lang='lat' dir='ltr'>psallentibus,</span> <span class='ocrx_word' id='word_1_22' title='bbox 1310 418 1478 467; x_wconf 77' lang='lat' dir='ltr'>eleyson.</span> 
     </span>
     <span class='ocr_line' id='line_1_5' title="bbox 274 470 1247 520; baseline 0.003 -15"><span class='ocrx_word' id='word_1_23' title='bbox 274 470 437 506; x_wconf 77' lang='lat' dir='ltr'>Vindex</span> <span class='ocrx_word' id='word_1_24' title='bbox 456 484 494 507; x_wconf 89' lang='lat' dir='ltr'>es</span> <span class='ocrx_word' id='word_1_25' title='bbox 514 471 582 520; x_wconf 86' lang='lat' dir='ltr'>qui</span> <span class='ocrx_word' id='word_1_26' title='bbox 600 471 695 508; x_wconf 74' lang='lat' dir='ltr'>mali</span> <span class='ocrx_word' id='word_1_27' title='bbox 715 476 754 508; x_wconf 88' lang='lat' dir='ltr'>et</span> <span class='ocrx_word' id='word_1_28' title='bbox 773 471 935 520; x_wconf 75' lang='lat' dir='ltr'>largitor</span> <span class='ocrx_word' id='word_1_29' title='bbox 954 471 1057 517; x_wconf 81' lang='lat' dir='ltr'>boni,</span> <span class='ocrx_word' id='word_1_30' title='bbox 1079 471 1247 520; x_wconf 87' lang='lat' dir='ltr'>eleyson.</span> 
     </span>
    </p>

    <p class='ocr_par' dir='ltr' id='par_1_3' title="bbox 274 522 1458 627">
     <span class='ocr_line' id='line_1_6' title="bbox 274 522 1458 574; baseline 0.002 -14"><span class='ocrx_word' id='word_1_31' title='bbox 274 522 412 572; x_wconf 84' lang='lat' dir='ltr'>Tuque</span> <span class='ocrx_word' id='word_1_32' title='bbox 431 525 500 573; x_wconf 87' lang='lat' dir='ltr'>qui</span> <span class='ocrx_word' id='word_1_33' title='bbox 519 538 607 561; x_wconf 86' lang='lat' dir='ltr'>cum</span> <span class='ocrx_word' id='word_1_34' title='bbox 628 525 746 561; x_wconf 83' lang='lat' dir='ltr'>Patre</span> <span class='ocrx_word' id='word_1_35' title='bbox 765 538 904 561; x_wconf 77' lang='lat' dir='ltr'>vernas</span> <span class='ocrx_word' id='word_1_36' title='bbox 923 529 1075 570; x_wconf 83' lang='lat' dir='ltr'>cuncta,</span> <span class='ocrx_word' id='word_1_37' title='bbox 1098 525 1267 569; x_wconf 83' lang='lat' dir='ltr'>Christe,</span> <span class='ocrx_word' id='word_1_38' title='bbox 1289 525 1458 574; x_wconf 81' lang='lat' dir='ltr'>eleyson.</span> 
     </span>
     <span class='ocr_line' id='line_1_7' title="bbox 275 576 1270 627; baseline 0.002 -14"><span class='ocrx_word' id='word_1_39' title='bbox 275 576 370 613; x_wconf 60' lang='lat' dir='ltr'>Caeli</span> <span class='ocrx_word' id='word_1_40' title='bbox 391 577 423 613; x_wconf 90' lang='lat' dir='ltr'>O</span> <span class='ocrx_word' id='word_1_41' title='bbox 444 578 667 627; x_wconf 72' lang='lat' dir='ltr'>plasmator,</span> <span class='ocrx_word' id='word_1_42' title='bbox 689 583 730 615; x_wconf 89' lang='lat' dir='ltr'>et</span> <span class='ocrx_word' id='word_1_43' title='bbox 748 583 862 615; x_wconf 81' lang='lat' dir='ltr'>terrae</span> <span class='ocrx_word' id='word_1_44' title='bbox 882 583 927 614; x_wconf 85' lang='lat' dir='ltr'>tu</span> <span class='ocrx_word' id='word_1_45' title='bbox 946 579 1081 624; x_wconf 77' lang='lat' dir='ltr'>factor,</span> <span class='ocrx_word' id='word_1_46' title='bbox 1104 579 1270 627; x_wconf 80' lang='lat' dir='ltr'>eleyson.</span> 
     </span>
    </p>

    <p class='ocr_par' dir='ltr' id='par_1_4' title="bbox 274 630 1381 682">
     <span class='ocr_line' id='line_1_8' title="bbox 274 630 1381 682; baseline 0.003 -15"><span class='ocrx_word' id='word_1_47' title='bbox 274 630 348 667; x_wconf 79' lang='lat' dir='ltr'>Eia</span> <span class='ocrx_word' id='word_1_48' title='bbox 366 644 470 668; x_wconf 89' lang='lat' dir='ltr'>nunc</span> <span class='ocrx_word' id='word_1_49' title='bbox 489 632 720 669; x_wconf 78' lang='lat' dir='ltr'>catervatim</span> <span class='ocrx_word' id='word_1_50' title='bbox 740 632 858 668; x_wconf 88' lang='lat' dir='ltr'>dicite</span> <span class='ocrx_word' id='word_1_51' title='bbox 877 633 999 677; x_wconf 88' lang='lat' dir='ltr'>nobis,</span> <span class='ocrx_word' id='word_1_52' title='bbox 1022 631 1189 678; x_wconf 87' lang='lat' dir='ltr'>Christe,</span> <span class='ocrx_word' id='word_1_53' title='bbox 1211 633 1381 682; x_wconf 82' lang='lat' dir='ltr'>eleyson.</span> 
     </span>
    </p>

    <p class='ocr_par' dir='ltr' id='par_1_5' title="bbox 274 684 1297 735">
     <span class='ocr_line' id='line_1_9' title="bbox 274 684 1297 735; baseline 0.002 -14"><span class='ocrx_word' id='word_1_54' title='bbox 274 684 326 720; x_wconf 81' lang='lat' dir='ltr'>Et</span> <span class='ocrx_word' id='word_1_55' title='bbox 347 684 431 721; x_wconf 84' lang='lat' dir='ltr'>Deo</span> <span class='ocrx_word' id='word_1_56' title='bbox 451 685 669 734; x_wconf 80' lang='lat' dir='ltr'>placeamus</span> <span class='ocrx_word' id='word_1_57' title='bbox 689 698 759 722; x_wconf 89' lang='lat' dir='ltr'>nos</span> <span class='ocrx_word' id='word_1_58' title='bbox 778 685 893 722; x_wconf 88' lang='lat' dir='ltr'>modo</span> <span class='ocrx_word' id='word_1_59' title='bbox 913 689 1107 730; x_wconf 80' lang='lat' dir='ltr'>canentes,</span> <span class='ocrx_word' id='word_1_60' title='bbox 1129 686 1297 735; x_wconf 75' lang='lat' dir='ltr'>eleyson.</span> 
     </span>
    </p>

    <p class='ocr_par' dir='ltr' id='par_1_6' title="bbox 274 737 1387 788">
     <span class='ocr_line' id='line_1_10' title="bbox 274 737 1387 788; baseline 0.002 -14"><span class='ocrx_word' id='word_1_61' title='bbox 274 737 424 775; x_wconf 81' lang='lat' dir='ltr'>Caelicis</span> <span class='ocrx_word' id='word_1_62' title='bbox 444 739 647 787; x_wconf 80' lang='lat' dir='ltr'>suffragari</span> <span class='ocrx_word' id='word_1_63' title='bbox 665 739 818 787; x_wconf 78' lang='lat' dir='ltr'>gaudiis</span> <span class='ocrx_word' id='word_1_64' title='bbox 837 743 1007 775; x_wconf 70' lang='lat' dir='ltr'>aestuans</span> <span class='ocrx_word' id='word_1_65' title='bbox 1027 739 1137 788; x_wconf 84' lang='lat' dir='ltr'>plebs</span> <span class='ocrx_word' id='word_1_66' title='bbox 1159 740 1387 788; x_wconf 77' lang='lat' dir='ltr'>proclamat,</span> 
     </span>
    </p>

    <p class='ocr_par' dir='ltr' id='par_1_7' title="bbox 273 791 1233 842">
     <span class='ocr_line' id='line_1_11' title="bbox 273 791 1233 842; baseline 0.001 -14"><span class='ocrx_word' id='word_1_67' title='bbox 273 791 334 828; x_wconf 88' lang='lat' dir='ltr'>Ut</span> <span class='ocrx_word' id='word_1_68' title='bbox 353 792 432 828; x_wconf 85' lang='lat' dir='ltr'>suis</span> <span class='ocrx_word' id='word_1_69' title='bbox 452 792 601 829; x_wconf 89' lang='lat' dir='ltr'>delictis</span> <span class='ocrx_word' id='word_1_70' title='bbox 620 793 822 841; x_wconf 78' lang='lat' dir='ltr'>indulgeat</span> <span class='ocrx_word' id='word_1_71' title='bbox 842 793 949 829; x_wconf 87' lang='lat' dir='ltr'>Deus</span> <span class='ocrx_word' id='word_1_72' title='bbox 970 793 1047 829; x_wconf 90' lang='lat' dir='ltr'>Dei</span> <span class='ocrx_word' id='word_1_73' title='bbox 1065 793 1233 842; x_wconf 81' lang='lat' dir='ltr'>genitus,</span> 
     </span>
    </p>

    <p class='ocr_par' dir='ltr' id='par_1_8' title="bbox 273 845 1298 896">
     <span class='ocr_line' id='line_1_12' title="bbox 273 845 1298 896; baseline 0.002 -15"><span class='ocrx_word' id='word_1_74' title='bbox 273 845 326 882; x_wconf 85' lang='lat' dir='ltr'>Et</span> <span class='ocrx_word' id='word_1_75' title='bbox 345 850 391 882; x_wconf 91' lang='lat' dir='ltr'>ut</span> <span class='ocrx_word' id='word_1_76' title='bbox 410 850 528 896; x_wconf 83' lang='lat' dir='ltr'>queat</span> <span class='ocrx_word' id='word_1_77' title='bbox 547 846 630 883; x_wconf 82' lang='lat' dir='ltr'>caeli</span> <span class='ocrx_word' id='word_1_78' title='bbox 648 846 790 895; x_wconf 75' lang='lat' dir='ltr'>gaudia</span> <span class='ocrx_word' id='word_1_79' title='bbox 810 846 982 895; x_wconf 84' lang='lat' dir='ltr'>adipisci,</span> <span class='ocrx_word' id='word_1_80' title='bbox 1005 846 1109 883; x_wconf 81' lang='lat' dir='ltr'>dicat</span> <span class='ocrx_word' id='word_1_81' title='bbox 1129 847 1298 896; x_wconf 83' lang='lat' dir='ltr'>eleyson.</span> 
     </span>
    </p>
   </div>
   <div class='ocr_carea' id='block_1_3' title="bbox 616 958 1206 1080">
    <p class='ocr_par' dir='ltr' id='par_1_9' title="bbox 616 958 1206 1080">
     <span class='ocr_line' id='line_1_13' title="bbox 844 958 969 996; baseline 0.008 -1"><span class='ocrx_word' id='word_1_82' title='bbox 844 958 969 996; x_wconf 85' lang='lat' dir='ltr'>XIX.</span> 
     </span>
     <span class='ocr_line' id='line_1_14' title="bbox 616 1030 1206 1080; baseline 0.003 -15"><span class='ocrx_word' id='word_1_83' title='bbox 616 1030 773 1075; x_wconf 81' lang='lat' dir='ltr'>KYRIE,</span> <span class='ocrx_word' id='word_1_84' title='bbox 804 1030 898 1066; x_wconf 66' lang='lat' dir='ltr'>REX</span> <span class='ocrx_word' id='word_1_85' title='bbox 927 1040 1105 1067; x_wconf 77' lang='lat' dir='ltr'>GENITOR</span> <span class='ocrx_word' id='word_1_86' title='bbox 1137 1030 1206 1080; x_wconf 81' lang='lat'>(2).</span> 
     </span>
    </p>
   </div>
   <div class='ocr_carea' id='block_1_4' title="bbox 268 1100 1471 1688">
    <p class='ocr_par' dir='ltr' id='par_1_10' title="bbox 269 1100 1411 1365">
     <span class='ocr_line' id='line_1_15' title="bbox 270 1100 1378 1150; baseline 0.003 -14"><span class='ocrx_word' id='word_1_87' title='bbox 270 1100 410 1149; x_wconf 85' lang='lat' dir='ltr'>Kyrie,</span> <span class='ocrx_word' id='word_1_88' title='bbox 430 1113 500 1137; x_wconf 81' lang='lat' dir='ltr'>rex</span> <span class='ocrx_word' id='word_1_89' title='bbox 519 1101 674 1150; x_wconf 85' lang='lat' dir='ltr'>genitor</span> <span class='ocrx_word' id='word_1_90' title='bbox 693 1101 880 1150; x_wconf 74' lang='lat' dir='ltr'>ingenite,</span> <span class='ocrx_word' id='word_1_91' title='bbox 902 1114 993 1138; x_wconf 81' lang='lat' dir='ltr'>vera</span> <span class='ocrx_word' id='word_1_92' title='bbox 1011 1101 1188 1147; x_wconf 74' lang='lat' dir='ltr'>essentia,</span> <span class='ocrx_word' id='word_1_93' title='bbox 1212 1101 1378 1150; x_wconf 82' lang='lat' dir='ltr'>eleyson.</span> 
     </span>
     <span class='ocr_line' id='line_1_16' title="bbox 270 1154 1306 1204; baseline 0.002 -14"><span class='ocrx_word' id='word_1_94' title='bbox 270 1154 408 1202; x_wconf 83' lang='lat' dir='ltr'>Kyrie,</span> <span class='ocrx_word' id='word_1_95' title='bbox 429 1154 592 1191; x_wconf 87' lang='lat' dir='ltr'>luminis</span> <span class='ocrx_word' id='word_1_96' title='bbox 611 1155 697 1191; x_wconf 88' lang='lat' dir='ltr'>fons</span> <span class='ocrx_word' id='word_1_97' title='bbox 717 1159 756 1191; x_wconf 90' lang='lat' dir='ltr'>et</span> <span class='ocrx_word' id='word_1_98' title='bbox 776 1168 907 1191; x_wconf 85' lang='lat' dir='ltr'>rerum</span> <span class='ocrx_word' id='word_1_99' title='bbox 926 1155 1117 1199; x_wconf 86' lang='lat' dir='ltr'>conditor,</span> <span class='ocrx_word' id='word_1_100' title='bbox 1139 1155 1306 1204; x_wconf 80' lang='lat' dir='ltr'>eleyson.</span> 
     </span>
     <span class='ocr_line' id='line_1_17' title="bbox 269 1208 1411 1258; baseline 0.002 -14"><span class='ocrx_word' id='word_1_101' title='bbox 269 1208 406 1256; x_wconf 83' lang='lat' dir='ltr'>Kyrie,</span> <span class='ocrx_word' id='word_1_102' title='bbox 429 1209 496 1257; x_wconf 88' lang='lat' dir='ltr'>qui</span> <span class='ocrx_word' id='word_1_103' title='bbox 516 1221 587 1245; x_wconf 88' lang='lat' dir='ltr'>nos</span> <span class='ocrx_word' id='word_1_104' title='bbox 606 1212 683 1245; x_wconf 78' lang='grc' dir='ltr'>111εο</span> <span class='ocrx_word' id='word_1_105' title='bbox 703 1208 884 1257; x_wconf 80' lang='lat' dir='ltr'>imaginis</span> <span class='ocrx_word' id='word_1_106' title='bbox 903 1209 1066 1258; x_wconf 77' lang='lat' dir='ltr'>signasti</span> <span class='ocrx_word' id='word_1_107' title='bbox 1085 1210 1219 1257; x_wconf 85' lang='lat' dir='ltr'>specie,</span> <span class='ocrx_word' id='word_1_108' title='bbox 1244 1209 1411 1258; x_wconf 84' lang='lat' dir='ltr'>eleyson.</span> 
     </span>
     <span class='ocr_line' id='line_1_18' title="bbox 269 1262 1379 1313; baseline 0.002 -15"><span class='ocrx_word' id='word_1_109' title='bbox 269 1262 436 1308; x_wconf 80' lang='lat' dir='ltr'>Christe,</span> <span class='ocrx_word' id='word_1_110' title='bbox 457 1262 528 1298; x_wconf 82' lang='lat' dir='ltr'>lux</span> <span class='ocrx_word' id='word_1_111' title='bbox 548 1262 687 1309; x_wconf 87' lang='lat' dir='ltr'>oriens,</span> <span class='ocrx_word' id='word_1_112' title='bbox 707 1275 777 1312; x_wconf 91' lang='lat' dir='ltr'>per</span> <span class='ocrx_word' id='word_1_113' title='bbox 796 1275 912 1312; x_wconf 89' lang='lat' dir='ltr'>quem</span> <span class='ocrx_word' id='word_1_114' title='bbox 932 1267 1026 1298; x_wconf 87' lang='lat' dir='ltr'>sunt</span> <span class='ocrx_word' id='word_1_115' title='bbox 1045 1263 1188 1309; x_wconf 81' lang='lat' dir='ltr'>omnia,</span> <span class='ocrx_word' id='word_1_116' title='bbox 1211 1263 1379 1313; x_wconf 87' lang='lat' dir='ltr'>eleyson.</span> 
     </span>
     <span class='ocr_line' id='line_1_19' title="bbox 270 1314 1187 1365; baseline 0.002 -14"><span class='ocrx_word' id='word_1_117' title='bbox 270 1314 437 1362; x_wconf 87' lang='lat' dir='ltr'>Christe,</span> <span class='ocrx_word' id='word_1_118' title='bbox 459 1316 528 1365; x_wconf 86' lang='lat' dir='ltr'>qui</span> <span class='ocrx_word' id='word_1_119' title='bbox 546 1316 718 1365; x_wconf 81' lang='lat' dir='ltr'>perfecta</span> <span class='ocrx_word' id='word_1_120' title='bbox 737 1329 777 1352; x_wconf 90' lang='lat' dir='ltr'>es</span> <span class='ocrx_word' id='word_1_121' title='bbox 795 1316 999 1365; x_wconf 76' lang='lat' dir='ltr'>sapientia,</span> <span class='ocrx_word' id='word_1_122' title='bbox 1021 1317 1187 1365; x_wconf 89' lang='lat' dir='ltr'>eleyson.</span> 
     </span>
    </p>

    <p class='ocr_par' dir='ltr' id='par_1_11' title="bbox 269 1369 1305 1473">
     <span class='ocr_line' id='line_1_20' title="bbox 269 1369 1305 1420; baseline 0.002 -15"><span class='ocrx_word' id='word_1_123' title='bbox 269 1369 434 1415; x_wconf 81' lang='lat' dir='ltr'>Christe,</span> <span class='ocrx_word' id='word_1_124' title='bbox 458 1370 533 1406; x_wconf 90' lang='lat' dir='ltr'>Dei</span> <span class='ocrx_word' id='word_1_125' title='bbox 551 1369 685 1417; x_wconf 82' lang='lat' dir='ltr'>forma,</span> <span class='ocrx_word' id='word_1_126' title='bbox 707 1370 888 1406; x_wconf 79' lang='lat' dir='ltr'>humanae</span> <span class='ocrx_word' id='word_1_127' title='bbox 908 1370 1115 1420; x_wconf 78' lang='lat' dir='ltr'>particeps,</span> <span class='ocrx_word' id='word_1_128' title='bbox 1138 1370 1305 1420; x_wconf 85' lang='lat' dir='ltr'>eleyson.</span> 
     </span>
     <span class='ocr_line' id='line_1_21' title="bbox 269 1422 1181 1473; baseline 0.001 -14"><span class='ocrx_word' id='word_1_129' title='bbox 269 1422 408 1472; x_wconf 81' lang='lat' dir='ltr'>Kyrie,</span> <span class='ocrx_word' id='word_1_130' title='bbox 431 1423 601 1472; x_wconf 85' lang='lat' dir='ltr'>Spiritus</span> <span class='ocrx_word' id='word_1_131' title='bbox 619 1424 786 1470; x_wconf 84' lang='lat' dir='ltr'>vivifice,</span> <span class='ocrx_word' id='word_1_132' title='bbox 808 1424 902 1460; x_wconf 73' lang='lat' dir='ltr'>vitae</span> <span class='ocrx_word' id='word_1_133' title='bbox 921 1424 993 1470; x_wconf 82' lang='lat' dir='ltr'>vis,</span> <span class='ocrx_word' id='word_1_134' title='bbox 1015 1425 1181 1473; x_wconf 90' lang='lat' dir='ltr'>eleyson.</span> 
     </span>
    </p>

    <p class='ocr_par' dir='ltr' id='par_1_12' title="bbox 268 1477 1471 1688">
     <span class='ocr_line' id='line_1_22' title="bbox 268 1477 1302 1527; baseline 0.001 -14"><span class='ocrx_word' id='word_1_135' title='bbox 268 1477 405 1526; x_wconf 86' lang='lat' dir='ltr'>Kyrie,</span> <span class='ocrx_word' id='word_1_136' title='bbox 428 1478 633 1527; x_wconf 87' lang='lat' dir='ltr'>utriusque</span> <span class='ocrx_word' id='word_1_137' title='bbox 652 1491 783 1526; x_wconf 82' lang='lat' dir='ltr'>vapor,</span> <span class='ocrx_word' id='word_1_138' title='bbox 805 1478 847 1513; x_wconf 90' lang='lat' dir='ltr'>in</span> <span class='ocrx_word' id='word_1_139' title='bbox 867 1491 944 1527; x_wconf 88' lang='lat' dir='ltr'>quo</span> <span class='ocrx_word' id='word_1_140' title='bbox 963 1482 1114 1524; x_wconf 77' lang='lat' dir='ltr'>cuncta,</span> <span class='ocrx_word' id='word_1_141' title='bbox 1137 1478 1302 1526; x_wconf 86' lang='lat' dir='ltr'>eleyson.</span> 
     </span>
     <span class='ocr_line' id='line_1_23' title="bbox 268 1531 1471 1581; baseline 0.002 -14"><span class='ocrx_word' id='word_1_142' title='bbox 268 1531 406 1579; x_wconf 83' lang='lat' dir='ltr'>Kyrie,</span> <span class='ocrx_word' id='word_1_143' title='bbox 429 1535 666 1581; x_wconf 80' lang='lat' dir='ltr'>expurgator</span> <span class='ocrx_word' id='word_1_144' title='bbox 684 1531 873 1568; x_wconf 87' lang='lat' dir='ltr'>scelerum</span> <span class='ocrx_word' id='word_1_145' title='bbox 893 1536 932 1568; x_wconf 88' lang='lat' dir='ltr'>et</span> <span class='ocrx_word' id='word_1_146' title='bbox 951 1531 1114 1581; x_wconf 82' lang='lat' dir='ltr'>largitor</span> <span class='ocrx_word' id='word_1_147' title='bbox 1131 1532 1280 1581; x_wconf 70' lang='lat' dir='ltr'>gratiae,</span> <span class='ocrx_word' id='word_1_148' title='bbox 1303 1531 1471 1581; x_wconf 87' lang='lat' dir='ltr'>eleyson.</span> 
     </span>
     <span class='ocr_line' id='line_1_24' title="bbox 268 1584 1422 1635; baseline 0.001 -14"><span class='ocrx_word' id='word_1_149' title='bbox 268 1584 445 1621; x_wconf 78' lang='lat' dir='ltr'>Petimus</span> <span class='ocrx_word' id='word_1_150' title='bbox 464 1589 622 1634; x_wconf 86' lang='lat' dir='ltr'>propter</span> <span class='ocrx_word' id='word_1_151' title='bbox 640 1590 794 1621; x_wconf 83' lang='lat' dir='ltr'>nostras</span> <span class='ocrx_word' id='word_1_152' title='bbox 814 1586 977 1622; x_wconf 77' lang='lat' dir='ltr'>offensas</span> <span class='ocrx_word' id='word_1_153' title='bbox 996 1585 1079 1621; x_wconf 89' lang='lat' dir='ltr'>noli</span> <span class='ocrx_word' id='word_1_154' title='bbox 1098 1598 1168 1622; x_wconf 89' lang='lat' dir='ltr'>nos</span> <span class='ocrx_word' id='word_1_155' title='bbox 1189 1586 1422 1635; x_wconf 84' lang='lat' dir='ltr'>relinquere,</span> 
     </span>
     <span class='ocr_line' id='line_1_25' title="bbox 269 1637 1087 1688; baseline 0.001 -14"><span class='ocrx_word' id='word_1_156' title='bbox 269 1637 302 1674; x_wconf 90' lang='lat' dir='ltr'>O</span> <span class='ocrx_word' id='word_1_157' title='bbox 323 1638 542 1676; x_wconf 81' lang='lat' dir='ltr'>consolator</span> <span class='ocrx_word' id='word_1_158' title='bbox 560 1639 727 1676; x_wconf 87' lang='lat' dir='ltr'>dolentis</span> <span class='ocrx_word' id='word_1_159' title='bbox 746 1639 898 1683; x_wconf 80' lang='lat' dir='ltr'>animae,</span> <span class='ocrx_word' id='word_1_160' title='bbox 920 1639 1087 1688; x_wconf 81' lang='lat' dir='ltr'>eleyson.</span> 
     </span>
    </p>
   </div>
   <div class='ocr_carea' id='block_1_5' title="bbox 713 1813 1098 1850">
    <p class='ocr_par' dir='ltr' id='par_1_13' title="bbox 713 1813 1098 1850">
     <span class='ocr_line' id='line_1_26' title="bbox 713 1813 1098 1850; baseline 0 0"><span class='ocrx_word' id='word_1_161' title='bbox 713 1813 903 1850; x_wconf 80' lang='lat' dir='ltr'>CLEMENS</span> <span class='ocrx_word' id='word_1_162' title='bbox 932 1823 1098 1850; x_wconf 82' lang='lat' dir='ltr'>RECTOR.</span> 
     </span>
    </p>
   </div>
   <div class='ocr_carea' id='block_1_6' title="bbox 105 1882 1705 2578">
    <p class='ocr_par' dir='ltr' id='par_1_14' title="bbox 108 1882 1156 1931">
     <span class='ocr_line' id='line_1_27' title="bbox 108 1882 1156 1931; baseline -0.001 -12"><span class='ocrx_word' id='word_1_163' title='bbox 108 1882 286 1920; x_wconf 88' lang='lat' dir='ltr'>Clemens</span> <span class='ocrx_word' id='word_1_164' title='bbox 305 1887 441 1929; x_wconf 75' lang='lat' dir='ltr'>rector,</span> <span class='ocrx_word' id='word_1_165' title='bbox 464 1887 607 1920; x_wconf 69' lang='lat' dir='ltr'>{eterne</span> <span class='ocrx_word' id='word_1_166' title='bbox 628 1883 747 1920; x_wconf 77' lang='lat' dir='ltr'>Pater</span> <span class='ocrx_word' id='word_1_167' title='bbox 764 1883 965 1928; x_wconf 89' lang='lat' dir='ltr'>immense,</span> <span class='ocrx_word' id='word_1_168' title='bbox 988 1882 1156 1931; x_wconf 84' lang='lat' dir='ltr'>eleyson.</span> 
     </span>
    </p>

    <p class='ocr_par' dir='ltr' id='par_1_15' title="bbox 106 1936 1358 1987">
     <span class='ocr_line' id='line_1_28' title="bbox 106 1936 1358 1987; baseline -0.001 -13"><span class='ocrx_word' id='word_1_169' title='bbox 106 1937 274 1974; x_wconf 82' lang='lat' dir='ltr'>Nostras</span> <span class='ocrx_word' id='word_1_170' title='bbox 293 1950 415 1974; x_wconf 88' lang='grc' dir='ltr'>110οη0</span> <span class='ocrx_word' id='word_1_171' title='bbox 436 1936 617 1987; x_wconf 85' lang='lat' dir='ltr'>(necnon)</span> <span class='ocrx_word' id='word_1_172' title='bbox 639 1950 751 1974; x_wconf 85' lang='lat' dir='ltr'>voces</span> <span class='ocrx_word' id='word_1_173' title='bbox 770 1937 926 1982; x_wconf 84' lang='lat' dir='ltr'>exaudi,</span> <span class='ocrx_word' id='word_1_174' title='bbox 948 1937 1154 1973; x_wconf 81' lang='lat' dir='ltr'>benedicte</span> <span class='ocrx_word' id='word_1_175' title='bbox 1174 1936 1358 1983; x_wconf 85' lang='lat' dir='ltr'>Domine,</span> 
     </span>
    </p>

    <p class='ocr_par' dir='ltr' id='par_1_16' title="bbox 107 1990 1192 2040">
     <span class='ocr_line' id='line_1_29' title="bbox 107 1990 1192 2040; baseline -0.001 -13"><span class='ocrx_word' id='word_1_176' title='bbox 107 1990 287 2040; x_wconf 86' lang='lat' dir='ltr'>Eter(ne)</span> <span class='ocrx_word' id='word_1_177' title='bbox 308 1991 471 2027; x_wconf 78' lang='lat' dir='ltr'>stellifer</span> <span class='ocrx_word' id='word_1_178' title='bbox 490 1995 633 2037; x_wconf 90' lang='lat' dir='ltr'>noster,</span> <span class='ocrx_word' id='word_1_179' title='bbox 654 1991 780 2027; x_wconf 83' lang='lat' dir='ltr'>nostri</span> <span class='ocrx_word' id='word_1_180' title='bbox 798 1991 1002 2040; x_wconf 84' lang='lat' dir='ltr'>benignus,</span> <span class='ocrx_word' id='word_1_181' title='bbox 1024 1991 1108 2039; x_wconf 86' lang='lat' dir='ltr'>eley</span> <span class='ocrx_word' id='word_1_182' title='bbox 1112 2003 1192 2027; x_wconf 80' lang='lat' dir='ltr'>son.</span> 
     </span>
    </p>

    <p class='ocr_par' dir='ltr' id='par_1_17' title="bbox 105 2044 1241 2094">
     <span class='ocr_line' id='line_1_30' title="bbox 105 2044 1241 2094; baseline -0.002 -12"><span class='ocrx_word' id='word_1_183' title='bbox 105 2044 267 2082; x_wconf 87' lang='lat' dir='ltr'>Plebem</span> <span class='ocrx_word' id='word_1_184' title='bbox 285 2049 407 2091; x_wconf 77' lang='lat' dir='ltr'>tuam,</span> <span class='ocrx_word' id='word_1_185' title='bbox 431 2044 603 2081; x_wconf 80' lang='lat' dir='ltr'>Sabaoth</span> <span class='ocrx_word' id='word_1_186' title='bbox 622 2045 719 2094; x_wconf 78' lang='lat' dir='ltr'>agie,</span> <span class='ocrx_word' id='word_1_187' title='bbox 740 2058 892 2093; x_wconf 88' lang='lat' dir='ltr'>semper</span> <span class='ocrx_word' id='word_1_188' title='bbox 911 2057 1010 2094; x_wconf 81' lang='lat' dir='ltr'>rege,</span> <span class='ocrx_word' id='word_1_189' title='bbox 1033 2044 1200 2093; x_wconf 88' lang='lat' dir='ltr'>eleyson.</span> <span class='ocrx_word' id='word_1_190' title='bbox 1236 2045 1241 2051; x_wconf 90' lang='lat'>&#39;</span> 
     </span>
    </p>

    <p class='ocr_par' dir='ltr' id='par_1_18' title="bbox 106 2098 1188 2147">
     <span class='ocr_line' id='line_1_31' title="bbox 106 2098 1188 2147; baseline -0.001 -12"><span class='ocrx_word' id='word_1_191' title='bbox 106 2098 225 2135; x_wconf 88' lang='lat' dir='ltr'>Trine</span> <span class='ocrx_word' id='word_1_192' title='bbox 244 2102 284 2135; x_wconf 87' lang='lat' dir='ltr'>et</span> <span class='ocrx_word' id='word_1_193' title='bbox 302 2111 392 2140; x_wconf 90' lang='lat' dir='ltr'>une</span> <span class='ocrx_word' id='word_1_194' title='bbox 413 2098 566 2135; x_wconf 72' lang='lat' dir='ltr'>sedulas</span> <span class='ocrx_word' id='word_1_195' title='bbox 585 2103 736 2135; x_wconf 86' lang='lat' dir='ltr'>nostias</span> <span class='ocrx_word' id='word_1_196' title='bbox 756 2111 898 2147; x_wconf 72' lang='lat' dir='ltr'>pleces,</span> <span class='ocrx_word' id='word_1_197' title='bbox 921 2111 1004 2143; x_wconf 86' lang='lat' dir='ltr'>rex,</span> <span class='ocrx_word' id='word_1_198' title='bbox 1025 2098 1188 2147; x_wconf 85' lang='lat' dir='ltr'>suscipe,</span> 
     </span>
    </p>

    <p class='ocr_par' dir='ltr' id='par_1_19' title="bbox 106 2151 1308 2201">
     <span class='ocr_line' id='line_1_32' title="bbox 106 2151 1308 2201; baseline 0 -13"><span class='ocrx_word' id='word_1_199' title='bbox 106 2151 245 2189; x_wconf 84' lang='lat' dir='ltr'>Fidem</span> <span class='ocrx_word' id='word_1_200' title='bbox 263 2165 361 2201; x_wconf 82' lang='lat' dir='ltr'>auge</span> <span class='ocrx_word' id='word_1_201' title='bbox 379 2152 441 2188; x_wconf 86' lang='lat' dir='ltr'>his</span> <span class='ocrx_word' id='word_1_202' title='bbox 460 2152 528 2201; x_wconf 93' lang='lat' dir='ltr'>qui</span> <span class='ocrx_word' id='word_1_203' title='bbox 547 2152 739 2189; x_wconf 86' lang='grc'>01·0(111111“</span> <span class='ocrx_word' id='word_1_204' title='bbox 728 2165 771 2188; x_wconf 88' lang='grc'>111</span> <span class='ocrx_word' id='word_1_205' title='bbox 790 2156 840 2198; x_wconf 87' lang='grc'>10,</span> <span class='ocrx_word' id='word_1_206' title='bbox 864 2157 908 2188; x_wconf 91' lang='grc'>111</span> <span class='ocrx_word' id='word_1_207' title='bbox 928 2165 1119 2197; x_wconf 83' lang='lat' dir='ltr'>succuire,</span> <span class='ocrx_word' id='word_1_208' title='bbox 1142 2152 1308 2200; x_wconf 88' lang='lat' dir='ltr'>eleyson.</span> 
     </span>
    </p>

    <p class='ocr_par' dir='ltr' id='par_1_20' title="bbox 106 2204 1702 2362">
     <span class='ocr_line' id='line_1_33' title="bbox 106 2204 1702 2255; baseline 0.001 -13"><span class='ocrx_word' id='word_1_209' title='bbox 106 2205 271 2255; x_wconf 84' lang='lat' dir='ltr'>Respice</span> <span class='ocrx_word' id='word_1_210' title='bbox 302 2206 345 2242; x_wconf 90' lang='lat' dir='ltr'>in</span> <span class='ocrx_word' id='word_1_211' title='bbox 376 2205 488 2243; x_wconf 85' lang='lat' dir='ltr'>nobis</span> <span class='ocrx_word' id='word_1_212' title='bbox 521 2206 714 2251; x_wconf 88' lang='lat' dir='ltr'>omnibus,</span> <span class='ocrx_word' id='word_1_213' title='bbox 747 2206 904 2254; x_wconf 86' lang='lat' dir='ltr'>inclyte,</span> <span class='ocrx_word' id='word_1_214' title='bbox 937 2205 996 2242; x_wconf 85' lang='lat' dir='ltr'>fer</span> <span class='ocrx_word' id='word_1_215' title='bbox 1028 2218 1140 2255; x_wconf 89' lang='lat' dir='ltr'>opem</span> <span class='ocrx_word' id='word_1_216' title='bbox 1171 2205 1218 2242; x_wconf 87' lang='lat' dir='ltr'>de</span> <span class='ocrx_word' id='word_1_217' title='bbox 1247 2204 1435 2252; x_wconf 66' lang='lat' dir='ltr'>excelsis,</span> <span class='ocrx_word' id='word_1_218' title='bbox 1464 2208 1504 2242; x_wconf 92' lang='lat' dir='ltr'>et</span> <span class='ocrx_word' id='word_1_219' title='bbox 1537 2209 1702 2252; x_wconf 75' lang='lat' dir='ltr'>nostras,</span> 
     </span>
     <span class='ocr_line' id='line_1_34' title="bbox 212 2259 1702 2310; baseline 0.001 -14"><span class='ocrx_word' id='word_1_220' title='bbox 212 2259 435 2309; x_wconf 85' lang='lat' dir='ltr'>redemptor</span> <span class='ocrx_word' id='word_1_221' title='bbox 471 2260 575 2297; x_wconf 86' lang='lat' dir='ltr'>orbis</span> <span class='ocrx_word' id='word_1_222' title='bbox 612 2264 738 2306; x_wconf 77' lang='lat' dir='ltr'>terrae,</span> <span class='ocrx_word' id='word_1_223' title='bbox 776 2272 889 2296; x_wconf 84' lang='lat' dir='ltr'>voces</span> <span class='ocrx_word' id='word_1_224' title='bbox 929 2259 1019 2309; x_wconf 78' lang='lat' dir='ltr'>jugi</span> <span class='ocrx_word' id='word_1_225' title='bbox 1055 2259 1283 2309; x_wconf 79' lang='lat' dir='ltr'>angelorum</span> <span class='ocrx_word' id='word_1_226' title='bbox 1321 2259 1486 2296; x_wconf 80' lang='lat' dir='ltr'>carmini</span> <span class='ocrx_word' id='word_1_227' title='bbox 1522 2260 1702 2310; x_wconf 80' lang='lat' dir='ltr'>adjunge,</span> 
     </span>
     <span class='ocr_line' id='line_1_35' title="bbox 214 2313 379 2362; baseline 0 -12"><span class='ocrx_word' id='word_1_228' title='bbox 214 2313 379 2362; x_wconf 87' lang='lat' dir='ltr'>eleyson.</span> 
     </span>
    </p>

    <p class='ocr_par' dir='ltr' id='par_1_21' title="bbox 106 2367 1127 2416">
     <span class='ocr_line' id='line_1_36' title="bbox 106 2367 1127 2416; baseline -0.001 -12"><span class='ocrx_word' id='word_1_229' title='bbox 106 2367 388 2416; x_wconf 88' lang='lat' dir='ltr'>Cunctipotens</span> <span class='ocrx_word' id='word_1_230' title='bbox 407 2367 551 2416; x_wconf 87' lang='lat' dir='ltr'>sophiae</span> <span class='ocrx_word' id='word_1_231' title='bbox 571 2371 649 2404; x_wconf 87' lang='lat' dir='ltr'>tuae</span> <span class='ocrx_word' id='word_1_232' title='bbox 668 2367 798 2404; x_wconf 89' lang='lat' dir='ltr'>lumen</span> <span class='ocrx_word' id='word_1_233' title='bbox 819 2367 933 2404; x_wconf 89' lang='lat' dir='ltr'>nobis</span> <span class='ocrx_word' id='word_1_234' title='bbox 953 2367 1127 2404; x_wconf 87' lang='lat' dir='ltr'>infunde.</span> 
     </span>
    </p>

    <p class='ocr_par' dir='ltr' id='par_1_22' title="bbox 107 2421 1705 2578">
     <span class='ocr_line' id='line_1_37' title="bbox 107 2421 1705 2471; baseline 0.001 -14"><span class='ocrx_word' id='word_1_235' title='bbox 107 2421 321 2471; x_wconf 84' lang='lat' dir='ltr'>Tripartite</span> <span class='ocrx_word' id='word_1_236' title='bbox 349 2425 388 2457; x_wconf 89' lang='lat' dir='ltr'>et</span> <span class='ocrx_word' id='word_1_237' title='bbox 416 2434 493 2457; x_wconf 90' lang='lat' dir='ltr'>une</span> <span class='ocrx_word' id='word_1_238' title='bbox 522 2421 661 2470; x_wconf 83' lang='lat' dir='ltr'>Kyrie,</span> <span class='ocrx_word' id='word_1_239' title='bbox 683 2422 751 2471; x_wconf 88' lang='lat' dir='ltr'>qui</span> <span class='ocrx_word' id='word_1_240' title='bbox 778 2434 912 2457; x_wconf 80' lang='lat' dir='ltr'>manes</span> <span class='ocrx_word' id='word_1_241' title='bbox 940 2434 1028 2457; x_wconf 84' lang='lat' dir='ltr'>cum</span> <span class='ocrx_word' id='word_1_242' title='bbox 1058 2421 1177 2457; x_wconf 80' lang='lat' dir='ltr'>Patre</span> <span class='ocrx_word' id='word_1_243' title='bbox 1209 2421 1251 2457; x_wconf 89' lang='lat' dir='ltr'>in</span> <span class='ocrx_word' id='word_1_244' title='bbox 1285 2424 1487 2468; x_wconf 82' lang='lat' dir='ltr'>aeternum,</span> <span class='ocrx_word' id='word_1_245' title='bbox 1507 2425 1548 2458; x_wconf 85' lang='lat' dir='ltr'>te</span> <span class='ocrx_word' id='word_1_246' title='bbox 1567 2434 1644 2468; x_wconf 87' lang='lat' dir='ltr'>ore,</span> <span class='ocrx_word' id='word_1_247' title='bbox 1665 2425 1705 2458; x_wconf 79' lang='grc'>10</span> 
     </span>
     <span class='ocr_line' id='line_1_38' title="bbox 212 2474 1703 2524; baseline 0.001 -13"><span class='ocrx_word' id='word_1_248' title='bbox 212 2475 325 2511; x_wconf 89' lang='lat' dir='ltr'>corde</span> <span class='ocrx_word' id='word_1_249' title='bbox 357 2479 476 2524; x_wconf 80' lang='lat' dir='ltr'>atque</span> <span class='ocrx_word' id='word_1_250' title='bbox 508 2479 638 2512; x_wconf 87' lang='lat' dir='ltr'>mente</span> <span class='ocrx_word' id='word_1_251' title='bbox 670 2475 897 2524; x_wconf 73' lang='lat' dir='ltr'>psallimus,</span> <span class='ocrx_word' id='word_1_252' title='bbox 935 2488 1040 2512; x_wconf 89' lang='lat' dir='ltr'>nunc</span> <span class='ocrx_word' id='word_1_253' title='bbox 1073 2475 1160 2521; x_wconf 85' lang='lat' dir='ltr'>tibi,</span> <span class='ocrx_word' id='word_1_254' title='bbox 1191 2474 1224 2511; x_wconf 93' lang='lat' dir='ltr'>O</span> <span class='ocrx_word' id='word_1_255' title='bbox 1254 2475 1367 2512; x_wconf 79' lang='lat' dir='ltr'>beate</span> <span class='ocrx_word' id='word_1_256' title='bbox 1395 2475 1492 2512; x_wconf 81' lang='lat' dir='ltr'>Jesu</span> <span class='ocrx_word' id='word_1_257' title='bbox 1520 2476 1632 2522; x_wconf 91' lang='lat' dir='ltr'>bone,</span> <span class='ocrx_word' id='word_1_258' title='bbox 1664 2480 1703 2512; x_wconf 82' lang='grc'>10</span> 
     </span>
     <span class='ocr_line' id='line_1_39' title="bbox 213 2529 989 2578; baseline 0.001 -13"><span class='ocrx_word' id='word_1_259' title='bbox 213 2529 466 2578; x_wconf 75' lang='lat' dir='ltr'>deprecamur</span> <span class='ocrx_word' id='word_1_260' title='bbox 485 2541 617 2565; x_wconf 88' lang='lat' dir='ltr'>onmes</span> <span class='ocrx_word' id='word_1_261' title='bbox 637 2529 801 2575; x_wconf 74' lang='lat' dir='ltr'>assidue,</span> <span class='ocrx_word' id='word_1_262' title='bbox 822 2529 989 2578; x_wconf 89' lang='lat' dir='ltr'>eleyson.</span> 
     </span>
    </p>
   </div>
   <div class='ocr_carea' id='block_1_7' title="bbox 679 2632 1141 2751">
    <p class='ocr_par' dir='ltr' id='par_1_23' title="bbox 679 2632 1141 2751">
     <span class='ocr_line' id='line_1_40' title="bbox 840 2632 963 2669; baseline 0.008 -1"><span class='ocrx_word' id='word_1_263' title='bbox 840 2632 963 2669; x_wconf 85' lang='lat' dir='ltr'>XXI.</span> 
     </span>
     <span class='ocr_line' id='line_1_41' title="bbox 679 2705 1141 2751; baseline 0.002 -9"><span class='ocrx_word' id='word_1_264' title='bbox 679 2706 833 2751; x_wconf 79' lang='lat' dir='ltr'>KYRIE,</span> <span class='ocrx_word' id='word_1_265' title='bbox 866 2705 960 2742; x_wconf 69' lang='lat' dir='ltr'>REX</span> <span class='ocrx_word' id='word_1_266' title='bbox 988 2715 1141 2743; x_wconf 77' lang='lat' dir='ltr'>REGUM.</span> 
     </span>
    </p>
   </div>
   <div class='ocr_carea' id='block_1_8' title="bbox 105 2777 1606 2989">
    <p class='ocr_par' dir='ltr' id='par_1_24' title="bbox 107 2777 1444 2829">
     <span class='ocr_line' id='line_1_42' title="bbox 107 2777 1444 2829; baseline 0 -13"><span class='ocrx_word' id='word_1_267' title='bbox 107 2778 245 2829; x_wconf 83' lang='lat' dir='ltr'>Kyrie‚</span> <span class='ocrx_word' id='word_1_268' title='bbox 266 2791 338 2816; x_wconf 81' lang='lat' dir='ltr'>rex</span> <span class='ocrx_word' id='word_1_269' title='bbox 357 2791 505 2828; x_wconf 85' lang='lat' dir='ltr'>regum,</span> <span class='ocrx_word' id='word_1_270' title='bbox 527 2778 698 2814; x_wconf 87' lang='lat' dir='ltr'>Domine</span> <span class='ocrx_word' id='word_1_271' title='bbox 717 2778 825 2814; x_wconf 85' lang='lat' dir='ltr'>Deus</span> <span class='ocrx_word' id='word_1_272' title='bbox 845 2777 1027 2824; x_wconf 81' lang='lat' dir='ltr'>Sabaoth,</span> <span class='ocrx_word' id='word_1_273' title='bbox 1050 2777 1176 2815; x_wconf 88' lang='lat' dir='ltr'>nostri</span> <span class='ocrx_word' id='word_1_274' title='bbox 1194 2777 1258 2827; x_wconf 87' lang='lat' dir='ltr'>pie</span> <span class='ocrx_word' id='word_1_275' title='bbox 1277 2778 1444 2827; x_wconf 87' lang='lat' dir='ltr'>eleyson.</span> 
     </span>
    </p>

    <p class='ocr_par' dir='ltr' id='par_1_25' title="bbox 106 2832 1606 2935">
     <span class='ocr_line' id='line_1_43' title="bbox 107 2832 1606 2882; baseline 0.001 -13"><span class='ocrx_word' id='word_1_276' title='bbox 107 2833 244 2882; x_wconf 86' lang='lat' dir='ltr'>Kyrie,</span> <span class='ocrx_word' id='word_1_277' title='bbox 266 2845 382 2882; x_wconf 86' lang='lat' dir='ltr'>quem</span> <span class='ocrx_word' id='word_1_278' title='bbox 401 2832 620 2869; x_wconf 86' lang='lat' dir='ltr'>intremunt</span> <span class='ocrx_word' id='word_1_279' title='bbox 639 2844 815 2880; x_wconf 80' lang='lat' dir='ltr'>supernae</span> <span class='ocrx_word' id='word_1_280' title='bbox 835 2832 995 2868; x_wconf 76' lang='lat' dir='ltr'>facturae</span> <span class='ocrx_word' id='word_1_281' title='bbox 1015 2836 1164 2868; x_wconf 85' lang='lat' dir='ltr'>cnnctae</span> <span class='ocrx_word' id='word_1_282' title='bbox 1184 2836 1224 2869; x_wconf 85' lang='lat' dir='ltr'>et</span> <span class='ocrx_word' id='word_1_283' title='bbox 1242 2836 1420 2879; x_wconf 84' lang='lat' dir='ltr'>terrenae,</span> <span class='ocrx_word' id='word_1_284' title='bbox 1440 2832 1606 2882; x_wconf 75' lang='lat' dir='ltr'>eleyson.</span> 
     </span>
     <span class='ocr_line' id='line_1_44' title="bbox 106 2885 1295 2935; baseline 0 -12"><span class='ocrx_word' id='word_1_285' title='bbox 106 2886 244 2935; x_wconf 86' lang='lat' dir='ltr'>Kyrie,</span> <span class='ocrx_word' id='word_1_286' title='bbox 266 2886 386 2923; x_wconf 85' lang='lat' dir='ltr'>Pater</span> <span class='ocrx_word' id='word_1_287' title='bbox 403 2886 589 2935; x_wconf 84' lang='lat' dir='ltr'>ingenite,</span> <span class='ocrx_word' id='word_1_288' title='bbox 612 2886 719 2935; x_wconf 82' lang='lat' dir='ltr'>origo</span> <span class='ocrx_word' id='word_1_289' title='bbox 738 2885 832 2922; x_wconf 76' lang='lat' dir='ltr'>vitae</span> <span class='ocrx_word' id='word_1_290' title='bbox 853 2885 1110 2934; x_wconf 67' lang='lat' dir='ltr'>sempiternae,</span> <span class='ocrx_word' id='word_1_291' title='bbox 1130 2885 1295 2935; x_wconf 83' lang='lat' dir='ltr'>eleyson.</span> 
     </span>
    </p>

    <p class='ocr_par' dir='ltr' id='par_1_26' title="bbox 105 2939 1293 2989">
     <span class='ocr_line' id='line_1_45' title="bbox 105 2939 1293 2989; baseline 0 -12"><span class='ocrx_word' id='word_1_292' title='bbox 105 2940 270 2985; x_wconf 85' lang='lat' dir='ltr'>Christe,</span> <span class='ocrx_word' id='word_1_293' title='bbox 291 2940 363 2977; x_wconf 82' lang='lat' dir='ltr'>lux</span> <span class='ocrx_word' id='word_1_294' title='bbox 381 2940 428 2977; x_wconf 89' lang='lat' dir='ltr'>de</span> <span class='ocrx_word' id='word_1_295' title='bbox 447 2940 543 2987; x_wconf 89' lang='lat' dir='ltr'>luce,</span> <span class='ocrx_word' id='word_1_296' title='bbox 564 2943 734 2989; x_wconf 81' lang='lat' dir='ltr'>paternae</span> <span class='ocrx_word' id='word_1_297' title='bbox 753 2939 885 2988; x_wconf 81' lang='lat' dir='ltr'>gloriae</span> <span class='ocrx_word' id='word_1_298' title='bbox 905 2944 1106 2986; x_wconf 79' lang='lat' dir='ltr'>coaeterne,</span> <span class='ocrx_word' id='word_1_299' title='bbox 1127 2939 1293 2989; x_wconf 84' lang='lat' dir='ltr'>eleyson.</span> 
     </span>
    </p>
   </div>
  </div>
 </body>
</html>
