1979 3348
275 259 328 299 34
932 257 1058 297 Festa,
1079 256 1155 297 Alsa
1167 256 1178 297 ἱ
1188 255 1211 297 ι’.

350 367 545 416 Alleluya.
604 368 640 405 V.
675 367 801 404 Dulce
821 367 973 416 lignum
989 367 1121 403 dulces
1141 367 1270 403 clavos
1289 366 1420 404 dulcia
1439 368 1566 405 serens
1585 367 1767 418 pondera,
1785 379 1871 416 quae

267 422 349 458 sola
367 422 482 458 fuisti
501 423 621 472 digna
640 423 833 458 sustinere
852 434 983 470 regem
1002 420 1185 457 caelorum
1205 425 1245 456 et
1261 420 1487 458 Dominum.

348 476 544 526 Alleluya.
614 476 649 512 Γ.
684 475 864 512 Surrexit
884 474 1099 511 altissimus
1111 475 1157 511 de
1177 474 1364 523 sepulcro,
1381 476 1448 524 qui
1467 489 1537 525 pro
1556 475 1669 512 nobis
1688 474 1874 525 pependit

269 530 312 566 in
332 530 450 579 ligno.

351 595 570 643 Sequentia.

432 650 558 695 Salve,
581 662 678 685 crux
697 652 843 693 sancta,
865 647 980 683 arbor
999 647 1128 696 digna,

431 703 553 751 Cujus
573 703 693 738 robur
712 701 928 751 pretiosum
948 701 1087 737 mundi
1106 701 1226 737 ferret
1245 701 1452 745 talentum,

431 757 493 794 Ut
511 757 644 802 hostis,
666 769 736 805 per
754 756 906 805 lignum
926 756 1065 800 victor,
1087 755 1193 804 ligno
1212 755 1482 792 revinceretur
1500 770 1507 792 ;

432 811 624 859 Quodque
644 814 805 846 exortus
824 809 963 845 mortis
983 810 1132 858 primus
1145 813 1228 845 erat
1240 810 1446 858 terrigenis
1462 808 1649 845 Paradiso
1667 809 1872 858 propulsis,

431 865 557 901 Causa
576 865 696 901 etiam
716 865 810 899 vitae
829 863 932 900 foret
947 863 1098 899 cunctis
1119 868 1244 899 morte
1266 863 1415 900 Christi
1434 876 1525 900 vere
1545 863 1757 899 vivificatis
1776 878 1783 900 z

430 919 675 955 Horrificum
695 922 741 954 tu
761 931 800 954 es
819 930 972 966 semper
991 917 1145 966 signum
1165 917 1346 961 inimicis,
1368 931 1463 953 crux
1485 922 1629 962 sancta,
1651 917 1775 962 saevis,

431 973 559 1018 Quam
590 985 694 1008 mors
727 976 846 1021 pavet
880 972 1135 1020 infernusque
1163 972 1278 1008 timet
1295 986 1300 1008 :
1331 984 1417 1020 quae
1448 971 1606 1008 Christo
1633 984 1720 1008 suos
1744 984 1875 1008 recon-

540 1027 671 1075 signas
691 1041 697 1063 :

431 1081 506 1117 Cui
526 1081 610 1117 laus
630 1081 683 1117 sit
703 1080 745 1116 in
765 1093 904 1116 aevum.
963 1080 1105 1115 Amen.

347 1146 617 1194 Evcwzfselizwes.
1384 1190 1385 1193 Ἴ

348 1201 447 1237 Erat
473 1201 589 1237 homo
616 1213 664 1236 ex
685 1198 894 1236 Pharisaeis
915 1198 1156 1235 Nicodemus
1175 1199 1345 1245 nomine,
1369 1212 1494 1247 quare
1517 1199 1561 1235 ’ἰιι
1587 1199 1698 1236 Festo
1724 1197 1876 1235 Sccncloe

269 1254 490 1291 Trinitatis.

350 1308 488 1345 Credo.

350 1362 609 1410 Offbrtorc'mn.

346 1416 526 1466 Protege,
550 1415 732 1461 Domine,
753 1415 906 1464 plebem
926 1419 1037 1451 tuam
1056 1427 1126 1464 per
1144 1415 1300 1464 signum
1319 1418 1461 1451 sanctae
1482 1414 1606 1451 crucis
1626 1415 1674 1451 ab
1695 1414 1877 1451 omnibus

266 1471 420 1507 insidiis
446 1470 696 1507 inimicorum
724 1469 902 1506 omnium
920 1483 928 1515 3
957 1473 1004 1505 ut
1026 1469 1102 1505 tibi
1120 1476 1273 1518 gratam
1293 1468 1547 1506 exhibeamus
1573 1469 1817 1515 servitutem,
1838 1472 1878 1505 et

265 1525 504 1574 acceptabile
523 1525 599 1561 tibi
618 1524 687 1560 fiat
708 1523 941 1560 sacrificium
961 1527 1153 1569 nostrum,
1173 1523 1352 1572 alleluya.

349 1579 512 1616 Secreta.

347 1633 593 1670 Sacrificium
618 1636 808 1677 nostrum,
846 1631 1028 1678 Domine,
1061 1631 1165 1680 quod
1196 1631 1453 1676 immolamus,
1486 1631 1661 1680 placatus
1689 1631 1850 1667 intende
1869 1643 1876 1668 t

267 1691 314 1723 ut
332 1687 382 1723 ab
402 1687 509 1723 omni
529 1700 599 1722 nos
622 1690 744 1722 exuat
762 1685 955 1722 bellorum
980 1685 1169 1734 nequitia,
1201 1690 1241 1721 et
1268 1698 1338 1733 per
1364 1685 1556 1722 Vexillum
1585 1690 1726 1721 sanctae
1751 1685 1877 1721 erucis

267 1741 362 1777 Filii
392 1742 453 1777 tui
486 1741 536 1777 ad
567 1739 821 1777 conterendas
851 1739 1058 1789 potestatis
1083 1739 1254 1776 adversae
1274 1739 1437 1776 insidias
1466 1752 1536 1775 nos
1569 1740 1612 1776 in
1631 1744 1709 1775 tuae
1730 1743 1877 1789 protec-

267 1795 390 1832 tionis
410 1796 620 1832 securitate
640 1794 864 1834 constituat.
925 1794 1003 1830 Per
1021 1793 1198 1830 eundem.

349 1849 552 1898 Prwfittio.
614 1848 693 1893 Qui
713 1848 878 1885 salutem
899 1848 1065 1884 humani
1083 1847 1245 1896 generis.

351 1902 590 1941 Communia

348 1957 427 1994 Per
459 1957 613 2006 lignum
652 1956 758 1993 servi
794 1956 890 1993 facti
930 1968 1066 1992 sumus·
1083 1970 1090 1992 z
1133 1960 1173 1992 et
1209 1968 1278 2005 per
1316 1958 1490 1991 sanctam
1528 1968 1682 1991 crucem
1718 1954 1877 1992 liberati

267 2024 401 2048 sumus
421 2026 427 2048 :
456 2011 608 2047 fructus
628 2010 776 2046 arboris
797 2010 955 2047 seduxit
974 2024 1056 2056 nos,
1079 2009 1205 2046 Filius
1225 2009 1302 2046 Dei
1322 2009 1489 2046 redemit
1508 2023 1590 2056 nos,
1611 2009 1789 2059 alleluya.

349 2065 673 2103 Posffcommum'o.

349 2120 511 2168 Repleti
548 2118 733 2155 alimonia
771 2118 916 2155 caelesti
957 2122 997 2155 et
1028 2117 1225 2167 spirituali
1258 2117 1395 2166 poculo
1433 2117 1608 2163 recreati,
1639 2130 1874 2166 quaesumus,

269 2174 516 2223 omnipotens
538 2173 657 2219 Deus,
675 2177 721 2209 ut
740 2173 790 2208 ab
809 2173 920 2209 hoste
952 2172 1124 2221 maligno
1154 2171 1339 2208 defendas
1359 2185 1454 2220 quos
1474 2185 1542 2220 per
1561 2172 1712 2220 lignum
1732 2176 1875 2208 sanctae

269 2228 394 2264 crucis
415 2228 510 2264 Filii
527 2227 589 2264 tui
609 2226 727 2263 armis
742 2226 910 2275 justitiae
931 2239 1000 2276 pro
1020 2226 1146 2262 salute
1165 2226 1305 2262 mundi
1323 2225 1567 2275 triumphare
1580 2226 1745 2274 jussisti.
1799 2225 1877 2262 Per

270 2282 450 2319 eundem.

268 2417 419 2454 EODEM
448 2428 520 2453 DIE
546 2427 787 2453 sixxcrorzmr
812 2426 1041 2452 naun-uun
1067 2416 1331 2461 ALEXANDRI,
1359 2414 1545 2462 EVENTII,
1567 2425 1616 2450 ET
1645 2414 1872 2452 THEODULI.

911 2479 963 2530 (V.
986 2479 1090 2516 Non.
1115 2479 1229 2530 Mai.)

352 2567 539 2615 Officium.
600 2565 938 2604 Exclamaverunt
958 2566 1008 2603 ad
1028 2571 1077 2603 te.

353 2621 499 2658 Oratio.

347 2675 509 2720 Praesta,
532 2687 766 2723 quaesumus,
796 2675 1045 2724 omnipotens
1074 2675 1194 2720 Deus,
1224 2680 1271 2710 ut
1299 2674 1368 2723 qui
1397 2678 1622 2710 sanctorum
1650 2678 1872 2724 martyrum

265 2735 438 2775 tuorum,
472 2729 709 2773 Alexandri,
742 2728 917 2774 Eventii,
951 2732 991 2765 et
1022 2728 1215 2765 Theoduli
1245 2728 1429 2765 natalitia
1461 2728 1634 2775 colimus,
1667 2741 1690 2764 a
1721 2731 1872 2767 cunct-is

265 2784 380 2820 malis
399 2783 701 2819 imminentibus
721 2795 855 2818 eorum
876 2783 1222 2820 intercessionibus
1241 2783 1461 2819 liberemur.
1520 2782 1606 2818 Per.

348 2837 536 2886 Epistola.
615 2837 752 2872 'neddet
772 2836 890 2874 Deus.

347 2891 545 2939 Alleluya.
613 2890 651 2926 V.
685 2890 820 2926 Sancti
840 2890 912 2935 tui,
935 2890 1117 2937 Domine,
1140 2891 1350 2928 florebunt.

346 2945 543 2994 Alleluya.
611 2944 648 2980 V.
682 2944 864 2980 Surrexit
890 2944 1071 2981 Christus
1091 2945 1159 2994 qui
1185 2945 1334 2982 creavit
1357 2944 1512 2982 omnia:
1539 2948 1580 2982 et
1603 2945 1787 2983 misertus
1812 2950 1871 2983 est

263 2999 436 3036 humano
455 2999 612 3049 generi:
642 2998 699 3035 vel
717 2999 761 3035 de
781 2997 1018 3036 Ascensc'one.
1567 2999 1570 3004 ’
