1979 3348
290 247 344 288 68
933 247 1061 290 Festa
1090 247 1226 291 Jalii.

370 356 610 395 Communia
668 357 816 408 Magna
835 361 904 395 est.

370 409 431 462 [Si
448 411 526 450 liaeo
552 410 693 460 Viyilia
711 412 755 449 in
774 411 983 449 Dominica
1001 412 1160 449 evenerit
1174 412 1330 449 dicatur
1342 413 1467 451 Missa
1486 414 1530 452 in
1550 413 1732 465 Capitulo
1751 415 1876 454 eodem

290 464 400 502 *modo
435 470 469 503 ec
505 465 649 511 ordine,
684 471 728 502 ut
765 466 809 502 in
854 464 995 513 Viqilia
1031 465 1264 503 Nativitatis
1300 468 1424 505 sancti
1460 467 1655 507 Johaomis
1692 470 1875 520 Baptistae

290 524 459 565 notatur,
481 532 568 557 cum
586 519 712 556 Elissa
730 519 1152 568 suprascripta.—MS.
1175 518 1245 572 D.]

794 625 846 663 IN
874 637 956 665 DIE.
1015 625 1112 678 (vni.
1134 625 1226 663 ΚΜ.
1248 592 1371 676 Augf)

372 691 556 740 Officium.
614 691 720 729 Mihi
738 696 881 730 autem.

371 746 516 783 Oratio.

368 799 477 847 Esto,
512 799 692 845 Domine,
727 798 832 848 plebi
863 802 942 836 tuoe
975 799 1236 836 sanctificator
1272 802 1312 836 et
1344 803 1472 836 custos
1487 812 1497 846 3
1538 803 1584 836 ut
1620 800 1785 850 apostoli
1813 800 1875 838 tui

286 852 314 890 J
316 853 426 890 acobi
453 852 607 890 munita
634 853 836 902 praesidiis,
857 858 897 891 et
915 853 1207 891 conversatione
1236 852 1310 889 tibi
1330 853 1491 903 placeat,
1513 857 1551 891 et
1571 866 1704 891 secura
1726 854 1875 892 deserv-

287 906 352 944 iat.
411 907 490 944 Per
509 906 736 944 Dominum.

366 960 558 998 Memoria
576 961 621 998 de
640 961 692 997 M
688 966 827 1010 artyre.

366 1014 552 1063 Epistola.
610 1014 638 1051 J
640 1027 703 1050 am
722 1027 802 1051 non
821 1015 924 1053 estis.

369 1067 545 1105 Gradale.
603 1067 734 1104 Nimis
753 1068 946 1106 honorati.

365 1121 563 1171 Alleluya.
629 1121 666 1159 V.
698 1121 750 1157 In
769 1135 924 1159 omnem
943 1126 1099 1159 terram.

366 1175 582 1224 Sequentia.
641 1174 754 1212 Clare
773 1180 1008 1222 sanctorum,
1029 1181 1074 1212 ut
1092 1174 1137 1211 in
1158 1173 1376 1212 Communi.

365 1229 585 1266 Secundam
604 1228 836 1266 lisattlioeum
855 1229 937 1279 (ww.
956 1229 1109 1279 20-23).

365 1282 416 1319 In
436 1283 504 1319 illo
522 1286 709 1331 tempore,
730 1283 908 1320 Accessit
928 1283 976 1320 ad
995 1283 1023 1320 J
1027 1296 1134 1320 esum
1153 1285 1278 1319 mater
1296 1281 1468 1319 filiorum
1488 1282 1667 1320 Zebedaei
1686 1296 1805 1332 usque
1823 1283 1876 1321 ad

285 1335 427 1386 quibus
445 1340 627 1385 paratum
646 1339 706 1373 est
724 1349 747 1373 a
767 1336 886 1374 Patre
905 1349 1002 1375 meo.

366 1390 500 1427 Credo.

366 1443 620 1491 Qffertorium.
683 1443 733 1482 In
753 1457 908 1482 omnem
929 1448 1082 1482 terram.

364 1497 524 1535 Secreta.

364 1551 590 1589 Oblationes
615 1553 750 1602 populi
772 1553 844 1599 tui,
866 1565 1097 1602 quaesumuS,
1121 1552 1302 1600 Domine,
1323 1551 1428 1589 beati
1455 1551 1620 1601 apostoli
1647 1551 1709 1588 tui
1736 1552 1764 1589 J
1766 1552 1876 1589 acobi

283 1605 408 1654 passio
427 1606 541 1642 beata
565 1607 746 1644 conciliet
760 1620 770 1653 3
799 1610 838 1643 et
861 1619 947 1655 quae
975 1606 1118 1643 nostris
1146 1620 1225 1644 non
1253 1610 1345 1657 apta
1373 1610 1466 1642 sunt
1493 1605 1655 1651 meritis,
1676 1605 1774 1643 fiant
1800 1606 1876 1644 tibi

283 1659 428 1708 placita
447 1660 529 1708 ejus
543 1659 828 1711 deprecatione.
888 1660 974 1697 Per.

366 1712 603 1752 Communia
661 1714 745 1751 Vos
764 1714 832 1763 qui
851 1714 975 1751 secuti
994 1714 1097 1751 estis.

365 1767 685 1806 Postcommunio.

365 1820 479 1858 Beati
498 1822 664 1870 apostoli
682 1821 744 1858 tui
762 1822 790 1859 J
792 1821 913 1868 acobi,
934 1822 1045 1871 cujus
1063 1821 1179 1859 hodie
1206 1820 1422 1858 festivitate
1450 1833 1608 1870 corpore
1627 1825 1667 1858 et
1685 1821 1874 1871 sanguine

282 1878 352 1911 tuo
371 1888 441 1911 nos
460 1874 640 1923 refecisti,
661 1888 892 1925 quaesumUS,
915 1876 1097 1922 Domine,
1117 1875 1392 1912 intercessione
1410 1888 1480 1912 nos
1499 1875 1654 1924 adjuva,
1674 1887 1745 1925 pro
1765 1876 1874 1925 cujus

283 1928 544 1966 sollemnitate
564 1929 802 1980 suscepimus
820 1933 890 1966 tua
909 1933 1044 1966 saneta
1062 1930 1252 1966 laetantes.
1310 1929 1395 1966 Per.

328 2045 495 2082 SANCTAE
522 2045 667 2093 ANNAE,
697 2056 844 2082 MATRIS
874 2056 1013 2082 BEATAE
1042 2045 1197 2082 MARIAE
1225 2045 1429 2082 VIRGINIS.
1490 2044 1571 2095 (vii.
1594 2044 1686 2082 Kal.
1708 2044 1833 2095 Aug.)

364 2121 551 2171 Officium.
608 2122 799 2160 Dilexisti
811 2122 1023 2173 justitiam.

368 2175 510 2215 Oratio.

363 2230 482 2276 Deus,
514 2229 582 2279 qui
608 2230 763 2267 beatam
791 2230 965 2277 Annam,
995 2230 1062 2267 diu
1091 2229 1274 2277 sterilem,
1303 2229 1411 2279 prole
1444 2229 1607 2267 voluisti
1638 2230 1805 2280 gloriosa
1832 2234 1872 2267 et

282 2284 453 2320 humano
471 2284 604 2334 generi
622 2284 822 2321 salutifera
840 2284 1051 2321 faecundari
1063 2298 1073 2332 3
1102 2284 1162 2330 da,
1179 2296 1410 2334 quaesumUS,
1425 2287 1472 2320 ut
1486 2297 1619 2320 omnes
1633 2297 1762 2321 amore
1780 2284 1871 2321 filiae

283 2341 446 2374 matrem
471 2343 700 2374 venerantes
719 2338 761 2374 in
780 2338 876 2375 hora
903 2339 1041 2375 mortis
1068 2338 1273 2388 utriusque
1301 2337 1509 2387 praesentia
1536 2338 1703 2388 gaudere
1730 2350 1872 2375 merea-

283 2405 382 2428 mur.
440 2391 516 2428 Per
535 2391 761 2428 Dominum.

363 2445 548 2493 Epistola.
608 2445 828 2482 Mulierem.

367 2498 544 2535 Gradale.
604 2499 801 2537 Dilexisti.

365 2552 560 2601 Alleluya.
626 2552 663 2590 V.
695 2552 829 2602 Specie
848 2557 926 2590 tua.

366 2605 609 2654 ,S'equenciaff
1198 2639 1205 2646 .

818 2640 1065 2677 Testamento
1084 2643 1209 2676 veteri

870 2694 992 2730 Anna
1009 2693 1086 2730 fuit
1105 2693 1248 2743 genita,

870 2747 925 2783 Et
944 2747 990 2783 de
1008 2747 1128 2797 stirpe
1147 2747 1262 2796 regia.

817 2800 915 2837 Haec
934 2804 1114 2838 matrona
1131 2801 1273 2837 nobilis

870 2854 952 2891 Diu
971 2854 1047 2891 fuit
1066 2854 1208 2892 sterilis

870 2908 922 2945 In
941 2921 1080 2958 magna
1098 2907 1272 2946 tristitia.

365 2978 381 2994 ¹
402 2977 471 3009 MS.
490 2975 681 3007 C.—Mundi
706 2977 809 3010 aetate,
829 2976 862 3005 in
892 2977 1043 3006 Communi
1067 2976 1267 3014 plurimorum
1293 2976 1511 3017 consessorum,-
1537 2977 1584 3008 vel
1605 2978 1761 3009 secundum
1782 2986 1866 3008 mum

290 3016 380 3048 Chora·
392 3015 587 3048 Eboracemis
600 3016 709 3047 dicitur
721 3016 780 3047 ista
795 3015 1001 3046 Testamento
1015 3016 1124 3047 veteri.
