1979 3348
279 241 303 282 10

308 240 332 279 [ὓ

337 240 360 278 [ζα

890 236 1080 277 Cautelae
1109 235 1269 278 Μίδεω.

736 346 829 383 Tria
847 346 1053 395 privilegia

785 400 924 449 Regna
943 400 1017 436 tibi
1036 400 1113 437 alia

840 454 1023 490 Subdunt
1042 454 1084 490 in
1104 454 1251 491 honore
1268 468 1277 501 5

731 507 846 544 Fides
866 512 906 544 et
926 507 1068 544 militia

786 561 1013 610 Unctioque
1032 562 1148 610 regia,

840 615 1014 659 Quarum
1036 615 1149 652 flores
1170 616 1264 652 flore
1278 629 1288 662 3

732 669 835 715 Tibi,
857 669 891 705 O
912 670 1004 705 urbs
1024 669 1183 718 inclyta,

787 722 906 759 Omni
926 722 1040 759 laude
1059 723 1234 772 praedita,

841 776 974 813 Mater
993 777 1223 823 studiorum,

735 830 807 867 Est
827 844 967 869 corona
986 831 1144 877 credita,

787 884 841 921 Et
860 884 902 920 in
922 889 961 921 te
981 885 1162 934 reposita,

840 938 952 975 Urbs
973 939 1223 976 Parisiorum.

733 992 785 1028 In
805 991 882 1028 Dei
901 993 1137 1041 praeconium

787 1046 931 1082 Totum
952 1047 1085 1082 confer
1103 1046 1290 1093 studium,

841 1100 985 1136 Totum
1005 1113 1070 1136 cor
1089 1113 1239 1150 appone
1253 1115 1264 1148 3

735 1153 831 1198 Quae
853 1153 1002 1190 Christi
1022 1154 1236 1202 palladium

788 1207 841 1243 Et
861 1221 976 1243 sacrae
997 1209 1211 1245 sacrarium

841 1261 963 1298 Facta
983 1274 1022 1297 es
1045 1275 1206 1299 coronae.

733 1316 761 1352 J
765 1328 832 1352 esu
852 1315 925 1364 pie,
947 1315 974 1352 J
978 1328 1043 1351 esu
1064 1316 1175 1362 bone,

788 1369 937 1405 Nostro
958 1370 1070 1405 nobis
1090 1370 1131 1406 in
1151 1383 1272 1419 agone

842 1423 1002 1473 Largire
1020 1424 1227 1460 victoriam
1243 1438 1250 1467 ;

735 1477 868 1514 Mores
887 1484 1042 1513 nostros
1063 1478 1116 1514 sic
1136 1491 1333 1527 compone,

790 1531 853 1569 Ut
871 1536 1070 1580 perpetuae
1090 1545 1240 1568 coronae

844 1585 1071 1622 Mereamur
1088 1586 1262 1635 gloriam.
1332 1586 1474 1623 Amen.

359 1653 581 1692 Secundum
600 1651 632 1686 J
633 1651 821 1688 ohannem
840 1650 938 1700 (θείω.
965 1651 1025 1687 1-5
1031 1651 1067 1697 )

360 1708 411 1744 In
430 1707 498 1744 illo
518 1711 703 1755 tempore,
725 1705 1002 1754 Apprehendit
1021 1705 1174 1742 Pilatus
1197 1705 1226 1741 J
1228 1718 1347 1752 esum,
1371 1710 1410 1743 et
1439 1705 1649 1755 flagellavit
1682 1719 1797 1754 usque
1824 1705 1880 1743 αιῖ

280 1762 420 1799 Exivit
439 1774 529 1810 ergo
549 1760 575 1797 J
579 1773 665 1797 esus
685 1764 845 1809 portans
864 1759 1039 1808 spineam
1058 1772 1240 1796 coronam
1260 1764 1300 1796 et
1323 1773 1564 1810 purpureum
1584 1760 1875 1797 vestimentum.

362 1815 497 1853 Credo.

363 1869 616 1917 Offertorizcm.

362 1923 496 1961 Gloria
528 1927 567 1959 et
599 1922 745 1958 honore
778 1921 972 1958 coronasti
1004 1934 1093 1958 eum
1110 1935 1118 1958 ε
1152 1925 1191 1958 et
1224 1921 1464 1958 constituisti
1497 1935 1585 1958 oum
1616 1935 1731 1972 super
1764 1935 1879 1972 opera

279 1991 467 2015 manuum
487 1981 657 2021 tuarum,
682 1975 862 2014 Domine.

361 2031 521 2070 Secreta.

360 2086 534 2122 Tuorum
564 2084 746 2129 militum,
771 2097 843 2120 rex
874 2084 1132 2133 omnipotens,
1153 2082 1342 2120 virtutem
1372 2084 1576 2120 corrobora
1591 2097 1600 2129 3
1635 2088 1680 2120 ut
1712 2097 1808 2132 quos
1836 2083 1879 2120 in

278 2140 395 2189 hujus
416 2138 668 2176 mortalitatis
689 2137 814 2174 stadio
834 2137 1030 2187 unigeniti
1049 2137 1143 2174 Filii
1161 2137 1223 2173 tui
1242 2150 1383 2174 corona
1403 2137 1585 2182 laetificat,
1611 2141 1878 2175 consummato

278 2208 393 2231 cursu
414 2193 648 2235 certaminis,
665 2191 976 2228 immortalitatis
994 2192 1176 2228 bravium
1195 2191 1499 2241 apprehendant.
1558 2191 1636 2228 Per
1654 2192 1830 2230 eundem.

359 2247 548 2295 Proefatz'o
568 2246 613 2283 de
635 2245 764 2284 Gracc.

362 2301 603 2339 Communio.

360 2355 546 2401 Posuisti,
566 2354 747 2400 Domine,
769 2353 811 2390 in
831 2354 958 2404 capite
977 2354 1060 2404 ejus
1080 2366 1262 2391 coronam
1282 2353 1328 2390 cle
1348 2353 1477 2403 lapide
1496 2353 1674 2403 pretioso.

360 2409 682 2446 Posccommmzio.

360 2463 560 2513 Supplices
593 2467 632 2499 te
664 2476 858 2513 rogamus,
888 2462 1135 2511 omnipotens
1168 2461 1288 2509 Deus,
1323 2465 1369 2498 ut
1402 2461 1483 2498 haec
1521 2466 1761 2499 sacramenta
1793 2474 1879 2511 quae

281 2517 528 2567 sumpsimus,
551 2530 620 2565 per
639 2521 891 2554 sacrosanctae
912 2516 1007 2552 Filii
1027 2517 1086 2552 tui
1107 2529 1269 2563 coronae,
1286 2517 1397 2564 cujus
1411 2516 1613 2552 sollemnia
1624 2528 1877 2562 recensemus,

280 2572 482 2616 virtutem,
503 2571 616 2607 nobis
635 2571 843 2620 proficiant
861 2570 911 2607 ad
930 2570 1129 2607 medelam.
1183 2569 1262 2606 Per
1280 2570 1447 2606 eundem
1466 2569 1683 2606 Dominum
1702 2573 1879 2607 nostrum

280 2626 306 2663 J
311 2638 418 2662 esum
439 2625 641 2662 Christum
662 2624 810 2662 Filium
829 2629 954 2662 tuum.
1015 2624 1093 2668 Qui
1105 2628 1247 2671 tecum,
1268 2630 1302 2661 et
1320 2630 1448 2662 cetera.

885 2738 1087 2775 CAUTELAE
1115 2736 1295 2774 M1ssfflfi³

361 2813 588 2862 Sequuntur
625 2812 922 2862 informationes
959 2819 993 2851 et
1030 2813 1187 2851 ccoutelae
1222 2812 1463 2851 observandae
1493 2812 1712 2861 presbytero
1744 2812 1883 2851 volenti

281 2868 421 2906 divina
442 2866 631 2904 celebrare.

362 2921 497 2958 Prima
529 2921 680 2958 cautela
713 2925 781 2968 est,
819 2925 865 2958 ut
897 2921 1072 2958 sacerdos
1105 2921 1263 2958 missam
1301 2920 1566 2957 celebraturus
1604 2920 1879 2960 conscientiam

696 3004 711 3019 ⁴*
736 3004 804 3033 The
822 3004 950 3034 Cautels
966 3014 1017 3035 are
1032 3005 1065 3034 in
1079 3005 1133 3034 the
1147 3004 1275 3043 printed
1289 3003 1368 3034 Edd.
1383 3002 1469 3041 only.
